3066 4916
659 278 879 341 ..14-

324 467 374 532 ΙΙΙ
397 470 436 532 41
465 518 473 532 .
499 519 506 534 .
532 517 540 533 .
565 519 573 534 .
598 472 683 536 cadit
702 472 802 536 tescia
826 470 910 538 clcco

464 593 590 660 decora
612 594 799 677 devertitque
820 595 935 674 oculos·
957 616 1017 679 eps.

322 715 356 779 Π
378 716 442 781 471
466 716 524 783 illc
546 723 678 783 tremens
699 719 840 800 trahone
861 718 963 784 ocolcs
985 720 1100 785 delecta
1116 722 1240 802 pudore

467 862 531 908 eoo
553 863 606 927 epo
628 842 726 926 digno
748 843 842 908 molis
864 841 978 925 inquit.
1004 861 1066 926 cqc.

339 981 386 1046 Ex
400 981 453 1046 his
472 981 581 1065 igitur,
598 1002 678 1066 quae
693 983 798 1065 attuli,
815 983 964 1066 exemplis
980 986 1110 1067 apparet
1124 986 1296 1068 Valerium,

233 1105 261 1169 si
283 1104 318 1169 in
340 1124 433 1170 versu
454 1108 527 1188 post
548 1106 697 1190 quintum
720 1107 911 1190 semipedem
932 1108 1064 1172 verbum
1090 1108 1212 1190 finitur,
1241 1111 1296 1174 sed

231 1229 304 1311 post
327 1228 498 1311 septimum
520 1248 593 1295 cum
615 1232 709 1296 uerbo
734 1248 852 1312 sensus,
884 1230 1045 1299 interdum
1079 1250 1202 1296 summa
1223 1252 1296 1297 cum

129 1414 132 1418 .
233 1350 389 1435 elegantia
430 1352 469 1416 ad
502 1354 769 1437 tranquillitatem
803 1353 961 1437 quandam
1004 1354 1068 1418 sive
1105 1355 1294 1439 gravitatem

231 1473 423 1558 pingendam
456 1476 713 1542 trithemimerim
747 1477 898 1542 omisisse.
944 1478 984 1542 In
1008 1478 1154 1542 omnibus
1188 1482 1294 1543 autem

230 1598 382 1678 versibus
401 1618 478 1683 quos
501 1601 659 1666 aValerio
683 1601 826 1666 consulto
849 1601 895 1665 ita
916 1601 1066 1666 formatos
1090 1621 1157 1666 esse
1180 1621 1294 1686 cogno-

230 1721 357 1803 scimus,
381 1723 470 1787 verbi
492 1723 565 1788 finis
589 1726 637 1789 est
658 1726 731 1807 post
752 1725 893 1808 primum
915 1724 1036 1808 pedem,
1053 1728 1110 1789 aut
1132 1724 1159 1791 si
1183 1726 1293 1806 mavis,

228 1843 265 1908 in
286 1845 433 1910 omnibus
455 1847 608 1928 versibus,
643 1848 698 1932 qui
720 1848 871 1930 praebent
897 1849 993 1913 finem
1014 1849 1104 1913 verbi
1133 1851 1206 1932 post
1227 1848 1294 1931 pri-

228 1988 317 2033 mum
339 1969 459 2052 pedem,
487 1973 580 2054 poeta
608 1972 743 2055 quadam
765 1991 838 2037 eum
866 1974 932 2037 arte
962 1971 1099 2056 neglexit
1131 1972 1292 2037 trithemi-

229 2092 351 2157 merim.
398 2094 501 2160 Ceteri
523 2115 631 2161 versus
654 2097 771 2161 formae
795 2095 859 2160 Bl
884 2095 924 2161 ad
939 2115 1038 2160 unum
1054 2115 1159 2160 omnes
1175 2096 1294 2159 habent

228 2235 389 2282 caesuram
410 2219 483 2301 post
505 2219 677 2284 secundum
698 2221 890 2303 trochaeum,
914 2238 1008 2304 quarn
1031 2220 1116 2302 apud
1129 2220 1293 2286 Valerium

228 2339 356 2423 quidem
389 2342 653 2426 hephthcmimeri
675 2344 743 2411 loco
765 2343 1005 2410 trithemimeris
1029 2363 1188 2409 caesuram
1204 2344 1292 2408 auxi-

227 2464 338 2530 liarem
366 2486 432 2532 esse
459 2469 603 2551 equidem
630 2471 716 2553 puto,
745 2471 783 2534 ut
808 2469 861 2535 IV.
892 2468 971 2532 305:

252 2608 340 2674 hooc
361 2631 503 2678 revocare
522 2613 527 2694 1
545 2615 682 2697 pradum
701 2616 706 2697 1
722 2617 855 2696 potitor,
873 2612 885 2695 ΙΙ
902 2610 1065 2693 tractatque
1081 2614 1266 2694 premitque.

334 2740 401 2819 Quo
435 2742 518 2808 fiunt
552 2764 660 2810 versus
695 2747 837 2830 fluentes,
873 2769 950 2832 quos
982 2750 1074 2816 valde
1107 2750 1141 2815 iu
1168 2751 1290 2817 deliciis

226 2864 340 2929 habere
362 2868 488 2948 poetam
510 2868 593 2934 infra
615 2889 812 2953 exponemus.

334 3005 394 3071 Sed
416 3006 482 3072 iarn
502 3029 670 3094 pergamus
693 3012 728 3078 in
743 3017 961 3082 enumerandis
978 3020 1131 3085 caesuris!
1163 3020 1288 3101 Versus,

226 3128 282 3212 qui
315 3130 496 3197 formamtl
528 3134 770 3202 usitatissimam
803 3139 961 3223 exhibent,
997 3161 1036 3207 ne
1066 3142 1180 3227 longus
1203 3145 1287 3226 fiam,

225 3253 402 3318 accuratius
425 3255 535 3321 afferre
558 3259 753 3340 supersedeo.
797 3262 929 3329 Schema
951 3263 982 3328 Ι)
1006 3266 1166 3350 signatum
1189 3270 1289 3332 exstat

225 3375 276 3441 his
299 3376 392 3443 locis:
416 3379 475 3463 1.¹·)
500 3380 530 3445 5.
553 3382 607 3447 49.
625 3384 677 3448 65.
700 3385 753 3450 67.
780 3386 831 3450 711.
857 3389 909 3454 81.
935 3390 986 3454 89.
1016 3393 1086 3455 164.
1114 3393 1186 3458 180.
1219 3393 1286 3454 139.

225 3501 299 3565 214.
325 3504 399 3567 219.
425 3504 499 3568 224.
525 3506 598 3571 237.
624 3508 697 3572 297.
716 3510 791 3574 394.
813 3511 887 3575 320.
912 3513 986 3576 337.
1012 3514 1086 3578 355.
1111 3515 1186 3578 429.
1211 3516 1286 3579 338.

224 3751 437 3761 ——.-.....

331 3926 358 3996 1)
375 3927 417 3983 De
445 3931 599 3986 coniectura
617 3932 844 4004 Oudendorpiana
871 3935 949 3990 adv.
967 3934 991 3990 1.
1010 3934 1060 3990 671
1081 3936 1116 3993 cl.
1142 3953 1211 4008 quae
1235 3938 1293 3992 dixi

222 4033 252 4087 in
270 4037 375 4104 quaest.
393 4052 469 4091 meac
486 4054 550 4108 pag.
568 4038 613 4093 43.
