3066 4916
630 351 850 415 ..61-

314 545 387 609 Jam
409 543 571 609 videamus
606 543 643 608 de
666 543 819 608 incisione
832 543 859 627 ¹)
893 542 965 626 post
999 542 1143 627 quintam
1166 544 1271 620 arbim,

205 688 301 753 quam
327 667 489 734 Valerium
511 668 757 751 congruentibus
792 667 972 732 accentibus
996 669 1028 733 et
1050 688 1113 732 non
1136 668 1273 732 admissa

206 792 337 858 elisione
360 791 543 857 adhibuisse
565 791 599 856 in
632 793 760 856 centum
782 811 831 855 vv.
860 790 996 873 ],66-ies
1020 790 1161 875 proxima
1182 793 1273 874 parte

206 918 402 1000 exploratum
417 917 474 980 est.
501 914 661 997 Vergilius
676 915 806 997 praebet
824 916 896 996 1,17
913 917 963 996 Ἃ,
976 914 1108 981 Ovidius
1125 916 1202 997 039
1221 918 1271 997 lt„

205 1040 352 1105 Lucanus
376 1039 517 1121 025010,
546 1037 643 1103 Silius
666 1037 798 1101 Italicus
822 1039 900 1120 0,54
915 1041 964 1121 ⁰lu·
1010 1038 1151 1122 Apparet
1172 1039 1273 1122 igitur

208 1184 315 1229 omnes
339 1163 499 1228 aValeric
522 1163 700 1247 frequentia
723 1162 811 1226 illius
835 1162 994 1226 clausulae
1018 1164 1179 1245 superatos
1195 1182 1270 1226 esse.

206 1290 304 1355 Perre
327 1288 464 1353 admissa
487 1286 679 1371 synaloepha
701 1286 813 1350 habes:
837 1285 920 1368 apud
943 1286 1105 1351 Valerium
1128 1288 1204 1367 0‚17
1220 1288 1271 1368 bo,

207 1412 289 1493 apud
321 1410 498 1493 Vergilium
533 1411 609 1490 034
625 1410 673 1491 lt„
710 1409 794 1491 apud
828 1409 977 1474 Ovidium
1010 1412 1088 1491 0,02
1103 1412 1152 1493 Ἃ,
1188 1409 1273 1492 apud

207 1533 322 1598 Silium
344 1508 494 1598 Italicum
521 1535 596 1614 0,07
615 1533 664 1615 ⁰ie·
711 1532 802 1596 Nihil
832 1533 894 1596 tale
917 1532 1080 1597 invenitur
1102 1534 1182 1616 apud
1207 1534 1272 1597 Lu-

207 1677 330 1723 cenum.

313 1800 410 1864 Porro
444 1800 560 1882 autem,
596 1799 678 1883 quod
714 1798 867 1882 gravioris
902 1801 951 1863 est
977 1799 1138 1881 momenti,
1162 1820 1271 1865 versus

206 1924 253 1988 ita
275 1924 434 2004 funnates,
451 1924 490 1988 ut
511 1923 546 1987 in
562 1922 624 1986 arsi
640 1923 752 2005 quinta
767 1922 945 2004 discrepent
967 1923 1052 1987 inter
1066 1943 1098 1987 se
1114 1927 1270 2005 accentus,

206 2048 350 2113 Valerius
374 2049 502 2131 praebet
525 2050 600 2130 0,07
617 2051 667 2131 ⁰l0.
704 2049 814 2113 centra
835 2047 994 2130 Vergilius
1029 2050 1107 2128 0,44
1122 2049 1171 2130 010,
1197 2048 1272 2113 Ovi·

208 2171 280 2236 dius
304 2174 446 2255 0‚14⁰p„,
472 2172 569 2237 Silius
584 2171 716 2236 Italicus
740 2174 817 2252 0,04
832 2173 868 2253 Ὗ,
905 2171 1026 2235 Lucani
1048 2171 1125 2235 libri
1146 2173 1272 2235 nullum

206 2296 357 2360 exhibent
379 2296 565 2378 exemplum.

313 2437 434 2500 Rursus
457 2437 587 2518 apparet
602 2436 765 2500 Valerium
787 2436 889 2519 ipsam
905 2455 993 2501 suam
1012 2437 1190 2520 ingressum
1205 2456 1272 2501 esse

206 2560 301 2642 viam,
337 2579 410 2624 cnm
432 2559 657 2641 multomagis
681 2578 776 2642 quam
807 2559 902 2624 ceteri
926 2579 1032 2624 omnes
1056 2560 1138 2642 epici
1160 2560 1195 2624 iu
1218 2560 1272 2625 de·

206 2683 291 2748 liciis
314 2684 444 2748 haberet
466 2683 651 2749 incisionem
684 2685 757 2766 pcst
779 2684 924 2766 quintam
955 2683 1061 2748 arsim.
1108 2683 1208 2763 Quam
1232 2686 1272 2748 cb

206 2827 273 2871 rem
296 2827 331 2873 ee
353 2807 455 2890 magis
478 2807 688 2871 excusandum
723 2808 779 2888 est,
816 2806 899 2890 qued
922 2807 1084 2872 nonnullis
1119 2808 1196 2873 lccis
1220 2829 1272 2872 ac-

206 2933 316 2995 centus
339 2931 423 2996 iuter
445 2951 477 2995 se
500 2931 687 3014 discrepant.

314 3075 387 3138 lam
409 3075 447 3137 ut
461 3074 657 3138 transeamus
673 3072 713 3137 ad
736 3074 865 3138 alteram
886 3075 1109 3157 quaestionem,
1127 3075 1271 3139 Valerius

208 3198 310 3280 magis
333 3216 428 3281 quam
462 3197 540 3262 cetri
564 3217 670 3262 omnes
693 3197 786 3278 cavit,
822 3217 861 3261 ne
884 3217 991 3263 vocem
1014 3198 1194 3263 admitteret
1215 3219 1273 3282 per

208 3322 351 3404 quintam
375 3321 472 3385 simul
495 3322 527 3385 et
550 3316 669 3386 sextam
692 3321 789 3385 arsim
811 3321 1031 3403 pertinentem,
1049 3322 1143 3404 atque
1165 3323 1272 3406 ipsum

206 3445 369 3509 Lucanum
403 3444 437 3508 in
472 3445 531 3509 hac
565 3464 598 3508 re
631 3444 786 3527 elegantia
818 3445 986 3527 superavit.
1042 3445 1081 3508 In
1107 3446 1272 3510 Pharsalia

205 3696 419 3704 -—-—-—

313 3852 341 3921 1)
360 3854 402 3907 lle
421 3853 555 3908 clausula:
591 3855 595 3921 Ι
619 3874 639 3901 υ
655 3875 674 3901 υ
692 3854 771 3900 -U
789 3853 824 3907 cf.
842 3852 924 3906 Plcw.
951 3853 980 3905 in
1007 3852 1155 3905 annalibus
1172 3851 1271 3906 Pastor.

202 3959 247 4013 ed.
265 3959 430 4014 Fleckeisen.
450 3962 514 4014 anni
534 3960 612 4015 1886.
630 3978 658 4030 p.
676 3960 729 4014 630
748 3976 804 4029 eqs.
