3066 4916
664 319 884 381 ..72-

239 513 363 575 aionon.
388 547 431 557 -
455 510 589 576 Constat
607 511 703 576 arsim
726 513 798 576 ante
823 531 983 576 caesuram
1003 513 1176 576 exstantem
1192 513 1306 577 ceteris

239 635 370 698 accentu
393 653 458 699 esse
493 633 664 698 firmiorem
687 636 718 698 et
740 634 917 717 graviorem
952 634 1189 716 autumaris,
1222 636 1306 699 cete-

238 776 345 821 rarum
367 758 485 821 areium
520 758 675 837 accentus,
711 758 749 821 ut
782 776 922 841 quaeque
944 757 1086 839 proxima
1116 756 1159 821 sit
1192 776 1306 822 acae-

238 898 319 960 sura,
344 880 416 962 plus
439 881 583 945 minusve
606 881 777 963 debilitari,
810 884 848 946 ut
872 882 962 965 quasi
985 883 1187 946 evanescant:
1218 885 1306 968 torpa

236 1003 345 1070 Loco'o
364 1004 368 1087 t
388 1006 497 1070 satiem
519 1010 554 1070 io
574 1006 578 1088 1
598 1007 711 1072 coccos
727 1004 739 1085 t

343 1128 433 1192 Unde
479 1130 502 1211 t,
526 1131 565 1193 ut
587 1129 732 1195 Valerius
756 1150 819 1194 non
842 1130 906 1194 fere
929 1129 993 1194 nisi
1017 1149 1061 1211 ea,
1095 1149 1190 1213 quam
1212 1131 1305 1196 modo

237 1251 471 1333 explicavimus,
512 1252 633 1316 ratione
667 1253 794 1317 voculas
830 1255 937 1318 atonas
977 1254 1012 1317 in
1046 1254 1110 1317 arsi
1143 1254 1239 1319 tertia
1273 1256 1306 1320 et

236 1376 349 1457 quarta
371 1375 522 1457 posuerit.

342 1500 388 1563 De
412 1500 475 1564 arsi
498 1500 611 1582 quinta
633 1502 664 1565 et
688 1504 773 1566 sexta
795 1503 859 1566 iam
875 1503 968 1585 plura
983 1503 1087 1567 dicere
1103 1502 1303 1585 supersede03

236 1641 310 1686 nam
344 1623 483 1707 exempla
517 1624 622 1688 omnia
655 1625 861 1691 inveniuntur
894 1627 928 1690 iu
955 1627 1059 1709 capite
1092 1626 1303 1691 antecedente,

236 1746 303 1825 Quo
327 1750 433 1812 autem
456 1768 623 1813 numerum
645 1749 758 1814 melius
781 1750 962 1833 perspicias,
988 1750 1060 1814 vide
1083 1750 1164 1814 hanc

672 1875 871 1939 tabulam:

401 2099 502 2150 genera

323 2187 478 2241 vocularum
498 2192 571 2243 aton.

234 2417 369 2470 coniunct.
389 2417 469 2471 coord
471 2459 641 2473 .....
724 2423 731 2445 ‘

299 2600 316 2626 „
388 2559 496 2614 subord.
545 2600 552 2612 .
590 2600 597 2614 .
635 2600 642 2613 .

232 2699 348 2753 relativa
368 2740 641 2755 .......

233 2841 445 2911 praepositiones
501 2881 508 2895 .
546 2883 552 2896 .
589 2883 596 2896 .
635 2884 641 2897 .
724 2847 729 2862 ⁸

814 3074 864 3126 108

234 3213 317 3267 semel
335 3214 364 3267 in
382 3231 415 3266 vv
417 3255 641 3268 ......
695 3213 766 3282 32⁴),
829 3214 864 3266 52
883 3257 891 3287 ,
931 3215 981 3268 112
1044 3216 1096 3269 329

339 3374 378 3438 In
402 3374 542 3458 singulos
566 3374 664 3438 libros
687 3374 847 3458 inquirere
870 3377 997 3440 nonest
1020 3395 1129 3458 operae
1151 3375 1299 3458 pretium.

234 3537 276 3545 -
300 3499 367 3563 Hoc
390 3500 516 3563 tautum
539 3499 750 3563 omittendum
785 3501 928 3581 nonest,
965 3500 1124 3564 rarissime
1159 3499 1303 3564 omnium

233 3621 389 3686 librorum
418 3623 564 3686 octavum
597 3621 712 3686 habere
746 3623 781 3685 in
804 3623 867 3686 arsi
899 3622 994 3687 tertia
1029 3624 1061 3686 et
1083 3624 1196 3705 quarta
1222 3621 1302 3686 istas

232 3747 359 3811 voculas
383 3749 415 3811 et
436 3766 528 3828 porro
551 3745 721 3810 interires
744 3747 817 3811 illos
840 3765 959 3827 versus,
984 3746 1096 3829 quiin
1119 3744 1184 3809 arsi
1207 3744 1303 3809 tertia

233 3870 402 3952 praebeant
424 3870 677 3934 coniunctionem
701 3870 945 3951 concinentem,
971 3869 1049 3933 duos
1073 3888 1148 3949 esse,
1174 3869 1230 3952 qui
1246 3868 1301 3932 de-

232 3993 358 4059 ficiente
392 3994 617 4059 trithemimeri
652 3995 751 4059 solam
785 3994 952 4059 exhibeant
989 3990 1299 4075 hephthemimerim.

233 4114 346 4193 Quales
370 4136 489 4200 versus,
524 4118 561 4181 ut
591 4116 753 4199 inpriore
784 4115 886 4199 capite
922 4115 1132 4198 exposuimus,
1168 4113 1302 4196 penthe-
