3066 4916
239 537 332 603 sibus
354 537 613 603 trithemimerim
634 538 768 622 neglegi,
801 540 839 604 ut
861 541 1032 624 praebeant
1053 540 1135 607 hauc
1157 541 1308 608 formam:

282 662 532 744 praecipuosque
552 662 653 746 lenam
672 661 914 747 {fantasticus
933 665 1035 745 fronte
1056 674 1182 751 necaret
1208 663 1263 734 131

348 783 511 850 Sententia
543 785 601 850 illa
633 785 749 851 reiecta
783 787 831 851 est
853 806 872 853 a
893 787 1081 872 Kleppi01),
1116 790 1210 874 atque
1235 809 1309 855 cunr

212 925 363 990 -causae,
388 927 465 992 quae
488 909 608 990 attulit,
634 908 711 975 satis
734 910 913 993 probabiles
929 931 996 977 esse
1011 911 1188 996 videantur,
1211 912 1308 979 huius

237 1031 288 1096 rei
310 1033 464 1098 rationem
486 1031 664 1098 habendam
686 1052 753 1099 esse
774 1034 900 1118 putavi3
927 1054 1023 1119 quam
1045 1037 1085 1101 ob
1108 1055 1175 1102 rem
1198 1056 1307 1103 versus

236 1156 371 1222 alterius
394 1157 511 1223 formae
535 1177 676 1223 seorsum
699 1160 832 1224 enotavi.
996 1138 998 1143 ⁵

347 1282 536 1366 Exemplum
558 1282 840 1365 hephthemr'meris
855 1303 929 1350 cum
949 1283 1175 1349 trithemimori
1198 1286 1230 1350 et
1244 1285 1308 1350 fine

235 1407 330 1472 uerbi
350 1409 423 1491 post
444 1407 577 1473 tertium
599 1406 783 1473 trochaeum
805 1408 936 1491 praebet
958 1408 1011 1474 hie
1033 1427 1161 1474 versus:

295 1532 390 1599 Luna
408 1534 482 1615 polo
497 1528 510 1613 lt
527 1535 695 1617 aurianae
714 1531 848 1617 {procul
863 1529 876 1614 ss
892 1553 956 1599 ueu
977 1554 1109 1616 aequm
1130 1535 1198 1600 cisa
1221 1530 1247 1598 0

290 1719 292 1725 ,
346 1657 415 1722 Iam
436 1656 599 1722 veniamus
615 1656 655 1722 ad
677 1675 739 1738 cas,
763 1675 841 1741 quas
856 1656 892 1721 L.
908 1655 1117 1738 Muellerusf)
1140 1675 1204 1722 uon
1226 1655 1307 1740 legi·

234 1780 334 1845 timae
367 1799 435 1845 esse
464 1780 552 1862 dicit,
587 1779 713 1846 formas.
759 1780 806 1846 Ac
839 1778 1129 1864 primumquidem
1155 1780 1306 1847 hocloco

235 1903 395 1970 afferenda
417 1906 465 1970 est
487 1902 769 1988 hephthemimeris
792 1923 865 1968 cum
888 1903 954 1968 sola
983 1876 1208 1969 trithemimeri
1231 1923 1306 1969 con·

232 2028 355 2111 iuncta
379 2029 418 2093 ut
440 2027 524 2094 desit
545 2028 642 2094 tertia
664 2026 832 2094 trochaice
878 2027 992 2115 Forma
1014 2029 1063 2091 est
1084 2027 1178 2093 haec:

312 2153 434 2219 Phoebe
455 2174 553 2229 uuoue,
574 2153 629 2235 lsi
654 2149 807 2237 Cymaeae
822 2150 835 2234 ΙΙ
850 2151 930 2217 nolte
950 2153 1073 2217 couscu'a
1094 2154 1174 2217 oetas
1196 2150 1227 2215 ll

232 2275 350 2342 deiude
365 2274 647 2360 hephthemimeris
663 2275 754 2341 finito
766 2276 861 2341 verbo
875 2276 949 2358 post
962 2275 1095 2340 tertium
1109 2275 1303 2358 trochaeum,

233 2402 275 2465 ut
296 2399 379 2466 desit
401 2399 657 2465 trithemimeris:

314 2526 408 2591 litora
430 2524 636 2609 depellitque!
656 2523 877 2608 uetes3ssquos
899 2525 1045 2591 eaerulus
1066 2523 1178 2590 terror
1200 2522 1228 2587 ll

342 2648 479 2713 Maxime
502 2649 608 2714 autem
631 2645 852 2714 offendendum
874 2647 922 2712 est
944 2647 979 2710 in
1001 2646 1042 2711 iis
1065 2646 1219 2728 versibus,
1248 2646 1305 2729 qui

232 2775 293 2838 aut
315 2773 414 2838 solam
435 2773 587 2855 praebent
609 2771 909 2855 hephthcmimerim
934 2773 969 2836 ut
991 2772 1064 2836 hic:

309 2899 424 2980 aceepit
445 2899 616 2982 auyun'um
630 2888 811 2961 'Aesonides
827 2897 840 2981 ΙΙ
855 2894 1014 2978 laetusque
1035 2896 1162 2977 superbe
1196 2894 1225 2959 F

232 3022 293 3085 aut
314 3018 500 3085 incisionem
533 3022 608 3102 post
641 3018 774 3095 tertium
796 3017 979 3084 trochaeum
1002 3018 1165 3084 deficiente
1187 3019 1303 3084 trithe-

235 3143 361 3209 mimeri
382 3146 421 3209 ut
442 3143 512 3209 hic:

254 3267 355 3347 frater
375 3266 514 3352 Haqeul
537 3265 757 3350 Thapsumque
771 3262 785 3346 ΙΙ
800 3269 1069 3352 securtqeuumque
1091 3266 1234 3333 Neeleou
1257 3263 1289 3333 t}

343 3407 403 3473 Sed
425 3407 502 3473 haee
524 3408 687 3474 hactenua
734 3409 779 3474 Ut
811 3407 912 3493 igitur
942 3428 1038 3494 quam
1071 3409 1303 3475 dilucidissime

232 3530 453 3614 perspiciatur,
478 3551 541 3616 qua
572 3532 642 3617 lege
677 3552 755 3598 usus
787 3533 832 3621 eit
854 3533 998 3599 Valerius
1029 3533 1063 3598 in
1085 3533 1228 3599 versibus
1251 3534 1302 3598 in·

342 3919 371 3990 1)
398 3920 546 3991 Klappiua:
583 3914 800 3992 Bemertuuqeu'
816 3922 882 3977 ether
909 3921 953 3976 da'e
981 3920 1229 3991 Hephtlumimeree
1254 3919 1305 3974 dee

85 4098 89 4106 ι
229 4026 327 4082 lateiu.
346 4026 534 4081 Heuameters.
571 4026 909 4099 Gymnaeial·Programm‚
928 4029 1016 4083 Poacn
1035 4026 1113 4083 1868.

340 4133 370 4201 a)
389 4133 424 4189 a.
442 4133 462 4188 1.
480 4133 499 4187 1.
517 4150 581 4205 pag.
600 4134 661 4189 198.
