3066 4916
668 326 889 389 ,48-

351 520 380 583 V
414 519 451 582 ut
474 517 634 582 rarissime
657 517 789 581 elideret
822 517 960 600 syllabas
989 518 1098 601 longas
1121 517 1171 582 vel
1194 518 1316 583 medias

243 644 279 707 in
303 643 445 707 thesibus
470 642 606 707 secunda
629 643 661 706 et
694 641 789 706 tertia
812 643 844 705 et
869 642 903 705 in
926 641 990 706 arsi
1013 643 1125 725 quarta
1146 641 1318 725 praecipue

246 770 396 850 sequente
418 786 502 848 voce,
529 784 607 849 quae
629 785 687 848 per
709 765 787 830 duas
811 785 894 830 arses
917 765 1064 848 pertinet.

353 926 398 993 VI
421 946 460 991 ne
483 945 635 1009 umquam
657 925 862 989 imminueret
896 927 1044 1009 sequente
1074 925 1162 989 brevi
1193 925 1319 1008 syllaba

243 1050 280 1113 in
302 1050 386 1114 thesi
410 1052 523 1133 quarta
546 1050 700 1131 syllabam
723 1048 859 1132 longam,
885 1048 1045 1113 rarissime
1068 1048 1214 1113 mediam.

351 1174 503 1257 Denique,
533 1173 560 1237 si
593 1174 725 1237 fortasse
748 1173 832 1256 licet,
858 1173 1058 1256 diligentiam
1092 1174 1254 1256 scriptoris
1278 1193 1319 1237 ex

243 1315 375 1360 numero
399 1296 567 1360 elisionum
590 1295 989 1377 iudioa1·o,conoodendum
1013 1298 1070 1379 est,
1094 1296 1256 1361 Valerium
1278 1297 1314 1360 111

197 1431 200 1436 “
242 1418 337 1484 libris
361 1419 506 1511 extremis
541 1419 698 1502 fingendis
730 1438 824 1501 qnam
846 1419 881 1483 in
904 1419 1064 1502 prioribus
1087 1419 1185 1484 fnisse
1208 1420 1320 1503 negle-

241 1543 426 1627 gontiorom.

352 2126 445 2190 Parte
479 2125 574 2189 huius
610 2126 722 2208 capitis
757 2126 862 2208 priore
895 2126 1063 2208 postquam
1087 2124 1193 2190 Valeri
1228 2124 1322 2208 leges

243 2249 480 2315 accuratissime
515 2248 835 2332 circumscripsimus,
871 2250 936 2313 iam
969 2249 1078 2332 paucis
1113 2267 1313 2332 exponamus,

243 2373 335 2438 cuius
359 2373 441 2455 epici
462 2373 520 2437 illa
543 2374 609 2437 arte
631 2372 729 2436 fuerit
752 2372 875 2453 similis,
900 2373 995 2465 cuius
1015 2372 1189 2437 dissimilis.

353 2497 414 2562 Sed
435 2517 475 2561 ne
495 2497 641 2560 uberiora
661 2496 763 2560 dicam
780 2497 819 2560 do
842 2497 1009 2561 elisionmn
1026 2516 1156 2561 numero
1166 2500 1201 2579 ¹),
1220 2516 1322 2580 quem.

244 2621 301 2705 qui
317 2621 592 2704 contemplabitur,
607 2623 689 2686 certe
703 2621 766 2685 sibi
788 2622 1000 2704 persuadebit,
1013 2623 1176 2687 Valerium
1199 2624 1235 2687 in
1256 2624 1321 2688 illa

242 2764 278 2810 re
300 2744 553 2827 postponendum
587 2764 653 2808 esse
676 2744 802 2810 Lucano
837 2747 870 2810 et
893 2745 1016 2829 Ouidio,
1041 2749 1150 2812 contra
1172 2747 1313 2832 Vergilio

353 3062 565 3133 1)of.Helbig:
591 3063 634 3116 Dc
660 3064 841 3132 synaloephae
868 3063 945 3131 opud
981 3066 1068 3133 epicos
1088 3065 1205 3118 Latinos
1227 3066 1317 3133 primi

238 3183 270 3237 p.
291 3166 353 3224 oar.
373 3185 400 3223 n.
419 3169 522 3222 saecoli
539 3170 652 3225 ratione.
691 3169 937 3242 Gymnas-Progr,
954 3173 1078 3227 Bautzen
1097 3172 1175 3227 1878.
1201 3173 1320 3239 11111111-

242 3278 378 3331 venitin:

351 3384 455 3437 Lucani
473 3383 617 3438 Pharsalia
648 3425 966 3441 ........
1004 3385 1062 3452 13,1
1076 3383 1109 3454 ⁰l,

352 3489 432 3543 Ovidi
450 3492 560 3544 metam.
579 3490 656 3543 libris
692 3528 966 3544 .......
1004 3490 1064 3558 19,8
1084 3531 1097 3556 ,‚

352 3595 443 3652 Valeri
463 3595 564 3666 Argon.
584 3596 708 3666 equidem
726 3598 817 3650 inveni
867 3637 874 3650 .
912 3639 919 3651 .
957 3638 963 3651 .
1000 3594 1063 3662 28,4
1082 3637 1095 3662 ,,
1116 3593 1174 3663 (ille
1193 3593 1267 3663 28‚9)

352 3702 425 3757 Stati
443 3702 582 3758 Thebaide
602 3706 630 3756 et
647 3702 798 3756 Achilleide
827 3745 833 3758 .
871 3744 877 3757 .
915 3744 921 3757 .
958 3742 965 3756 .
1001 3701 1037 3756 34
1084 3742 1097 3767 ‚‚

352 3808 403 3864 sili
422 3809 515 3863 Italici
533 3809 644 3864 Punicis
691 3849 965 3865 .......
1001 3807 1063 3877 44,2
1084 3848 1097 3874 ,,

351 3914 457 3986 Vergili
474 3915 594 3970 Aeneide
646 3955 964 3970 ........
1001 3913 1061 3983 13,1
1084 3955 1096 3981 ,,

352 4021 424 4088 Quid
441 4024 547 4091 mirum,
558 4022 630 4092 quod
642 4038 703 4075 mea
721 4024 750 4076 01
766 4020 878 4092 Helbigi
897 4022 1069 4091 quaestiones
1087 4021 1160 4075 inter
1171 4036 1200 4074 00
1212 4018 1318 4073 discre—

239 4131 321 4200 pant,
339 4144 401 4182 curn
418 4128 468 4183 ille
486 4129 682 4183 Baehrensium
701 4130 809 4183 secutus
828 4129 873 4183 sit.
