3066 4916
639 341 859 404 ..73-

215 532 341 598 mimeri
374 533 537 598 dividendi
560 536 643 614 snut,
679 534 742 598 nisi
766 533 934 617 singularis
970 553 1072 616 cause,
1109 553 1165 598 eur
1191 537 1286 618 poete

214 656 472 723 trithemimerim
495 656 675 740 neglexen‘t,
699 657 907 739 cognoscitur.

321 780 433 845 Exitus
456 779 558 862 igitur
581 779 772 862 quaestionis
796 779 892 844 huius
909 781 957 844 est
972 780 1042 844 hio:
1066 781 1285 864 Monosyllubs

213 906 308 969 atone
330 904 364 968 in
380 903 503 968 ensibus
520 921 634 985 ponere
650 902 738 966 nullo
753 903 845 967 modo
858 903 978 967 veritus
995 906 1043 968 est
1054 903 1209 985 Valerius,
1227 905 1283 969 sed
1304 951 1306 955 -

213 1046 339 1090 omnem
354 1045 481 1109 operam
500 1027 596 1108 dedit,
616 1047 655 1090 ne
676 1028 916 1111 subsequeretur
940 1048 1067 1093 caesura
1085 1029 1282 1111 principalis,

323 1750 382 1814 Sed
405 1749 469 1814 iam
491 1749 653 1839 videamus
670 1750 708 1813 de
725 1751 836 1815 ceteris
852 1750 959 1832 epicis.
995 1749 1164 1832 Vergilius,
1189 1769 1282 1833 quem

212 1875 338 1938 constat
372 1875 592 1957 saepissime1)
626 1876 661 1939 in
684 1876 807 1941 ensibus
841 1875 1005 1940 admisisse
1039 1896 1129 1940 voces
1162 1877 1280 1957 atonus,

214 1998 302 2061 nullo
326 1999 417 2063 modo
441 1999 498 2063 ille
531 2000 599 2082 lege
635 2019 667 2064 se
692 2000 869 2064 adstrinxit.
917 1999 1007 2078 Quod
1042 1999 1118 2063 setis
1152 2001 1283 2082 apparet

212 2140 250 2185 ex
273 2120 324 2184 his
347 2122 508 2188 versibus:
543 2123 655 2208 Georg.
691 2125 732 2188 ΙΙ.
759 2126 810 2189 69.
845 2125 996 2189 inseritur
1024 2145 1092 2189 cero
1126 2132 1160 2188 et
1191 2125 1283 2188 occis

212 2248 344 2311 arbutus
367 2248 496 2314 horrido
516 2249 591 2328 feto.
619 2249 690 2312 149.
715 2250 765 2314 tic
780 2272 833 2313 cer
848 2250 1018 2314 adsiduum
1041 2254 1148 2330 atquo
1170 2248 1283 2312 olienis

213 2371 371 2436 mensibus
390 2380 499 2438 destos.
527 2374 599 2437 180.
621 2376 721 2438 mdis
737 2374 790 2438 obi
808 2374 924 2457 omitto
947 2379 978 2438 ei
1001 2374 1138 2437 dumosis
1154 2371 1283 2437 ootcid's

184 2517 186 2521 ·
212 2497 308 2559 orcis.
347 2496 418 2560 196.
450 2504 505 2562 oid
526 2499 634 2562 ocium·
658 2498 756 2577 fctum
790 2504 860 2562 out
893 2499 1012 2562 urentis
1034 2496 1117 2560 coctio
1148 2495 1280 2575 capello.

215 2619 288 2682 323.
314 2620 486 2699 etfocdem
508 2628 536 2686 et
564 2623 672 2702 pecori
694 2628 729 2686 61
744 2625 916 2704 potientem
937 2622 1067 2685 comesis
1089 2620 1171 2683 coci.
1204 2617 1279 2681 324.

210 2763 281 2806 cere
302 2749 420 2809 tument
441 2751 542 2810 terroe
564 2752 599 2810 ct
631 2746 781 2829 oscitatio
803 2747 924 2810 semida
956 2750 1096 2825 poscunt.
1129 2743 1203 2806 348.
1228 2749 1283 2806 aot

211 2866 350 2947 lapideos
373 2867 511 2934 diction
533 2876 602 2934 oct
621 2870 790 2952 squalentis
804 2869 909 2949 infode
924 2869 1066 2932 concisos.
1095 2867 1203 2947 3513)
1227 2867 1282 2947 qui

210 3009 288 3055 sasso
311 3011 407 3073 sopor
430 2999 538 3075 atque
560 2995 694 3077 incoctis
711 2994 851 3074 pondere
873 2998 972 3057 tostos.
1006 2992 1138 3075 5011611
1158 3010 1283 3072 cemma

212 3114 296 3180 bitot
317 3122 349 3180 et
383 3115 527 3182 Sarrano
561 3118 696 3182 dormiat
718 3123 806 3181 ostro.
843 3116 917 3179 517.
953 3122 1009 3180 oct
1036 3115 1102 3194 feto
1130 3133 1281 3194 pecorum

211 3245 282 3303 aut
307 3238 444 3305 Gereatis
465 3243 591 3324 meroide
614 3243 704 3306 cooei.
742 3277 783 3286 -
814 3259 914 3322 neque
937 3242 1043 3302 minus
1067 3236 1206 3317 exempla
1229 3254 1281 3298 ex-

212 3363 300 3427 stant
329 3363 363 3427 in
386 3364 532 3429 Aeneide.
580 3363 874 3427 Inlibri1:323.
909 3366 1098 3427 succinctam
1129 3361 1281 3442 pharetra

211 3494 247 3551 et
269 3489 445 3553 maculosae
466 3491 596 3573 tegmine
629 3491 739 3572 lyncis.
778 3489 853 3552 414.
889 3488 1029 3552 molirive
1062 3505 1184 3550 moram
1216 3489 1283 3549 oct

211 3613 355 3677 6666166611
371 3634 499 3713 poscere
514 3633 637 3678 cousus.
661 3613 736 3677 438.
756 3611 880 3677 Aeeteos
895 3613 941 3676 cit
955 3618 988 3675 et
1006 3610 1138 3691 fastidio
1152 3608 1283 3688 suspicit

213 3738 311 3813 orbis,
336 3737 410 3801 542.
435 3739 463 3802 si
484 3758 582 3821 oenus
604 3738 777 3802 homonum
801 3742 836 3801 ct
857 3735 1002 3800 mortalia
1025 3733 1159 3798 temnitis
1178 3751 1291 3815 comos

320 4051 348 4119 1)
367 4051 402 4106 ef.
421 4051 452 4104 L.
470 4051 596 4105 Muellen'
615 4051 647 4104 de
665 4068 688 4105 r.
706 4067 740 4105 oe.
759 4069 786 4120 p.
804 4051 866 4104 235.

320 4155 349 4225 2)
369 4156 403 4210 cf.
423 4173 492 4226 quae
511 4157 626 4210 diximus
645 4156 678 4210 de
697 4157 798 4211 talibus
817 4173 858 4210 vv.
876 4155 971 4210 Valeri
989 4171 1052 4224 peg.
1073 4154 1115 4209 66.
