3066 4916
644 1268 873 1372 eaputll.
933 1209 936 1214 Ι

275 1481 327 1546 De
349 1482 496 1545 mutata
519 1481 745 1562 quantitate
770 1481 1014 1565 syllabarum
1038 1458 1241 1547 finalium.

332 1770 477 1844 Primum
512 1781 549 1844 ut
572 1781 734 1845 videamus
758 1781 796 1846 de
820 1782 951 1865 syllabis
975 1782 1123 1847 finalibus
1146 1782 1181 1847 in
1203 1801 1302 1847 voea-

224 1904 288 1968 lem
311 1903 537 1986 desinentibm,
561 1904 610 1967 bis
634 1904 791 1986 producta
813 1905 901 1969 finali
924 1905 1086 1970 invenitur
1101 1906 1213 1970 vecula
1228 1907 1300 1982 adi,-

224 2028 259 2091 in
294 2026 357 2091 arsi
390 2027 500 2090 tertia:
536 2027 590 2092 IV.
628 2028 702 2092 303.
731 2028 767 2092 V.
795 2029 868 2093 203.
893 2048 950 2092 333
974 2029 1097 2111 saepius
1119 2031 1173 2106 ibt,
1209 2029 1294 2111 qued

226 2150 323 2216 semel
356 2150 402 2214 ita
436 2152 536 2215 exstat
570 2151 603 2214 in
639 2151 703 2215 arsi
725 2151 839 2215 tertia:
874 2153 911 2216 V.
940 2152 1026 2232 639„
1055 2153 1150 2216 semel
1172 2151 1208 2215 in
1230 2152 1300 2215 arsi

227 2274 376 2339 secunda:
411 2275 465 2338 VI.
495 2276 568 2340 586.
605 2274 793 2357 Saepissime
827 2295 920 2357 porro
954 2275 1122 2368 usurpavit
1148 2275 1299 2340 Valerius

225 2417 282 2480 pm
316 2398 421 2462 iambo
455 2399 591 2480 voculas,
627 2416 706 2480 quae
742 2399 833 2462 sunt:
868 2399 945 2464 midi
968 2400 1024 2464 tibi
1046 2401 1115 2463 sibi.
1161 2397 1300 2463 Exstant·

226 2521 311 2587 enim
346 2521 462 2585 24-133
495 2522 529 2585 13
564 2522 627 2585 arsi
663 2522 787 2604 quarta:
821 2523 847 2586 Ι.
873 2523 924 2587 87.
950 2523 1024 2587 546.
1051 2523 1296 2587 61311463.

226 2648 301 2712 560.
341 2646 399 2709 ΠΙ.
426 2646 499 2708 221.
525 2646 600 2710 356.
626 2646 700 2710 669.
737 2646 790 2710 IV.
819 2647 890 2711 161.
915 2646 991 2711 478.
1016 2646 1091 2710 538.
1117 2647 1192 2710 610.
1219 2647 1296 2710 751.
1373 2661 1375 2666 ·

226 2771 263 2833 V.
289 2769 363 2833 292.
410 2768 480 2832 VII.
514 2769 587 2832 242.
621 2769 694 2833 246.
727 2769 801 2832 438.
828 2768 902 2832 615.
929 2769 1003 2833 651.
1050 2769 1136 2832 VIII.
1165 2768 1213 2833 15.
1240 2770 1296 2832 06.

229 2894 301 2958 118.
330 2894 401 2957 142.
430 2893 502 2956 165.
533 2890 629 2956 octies
652 2892 687 2955 in
710 2892 773 2955 arsi
795 2892 904 2956 tertia:
936 2892 990 2957 IV.
1016 2894 1090 2957 401.
1116 2894 1191 2958 463.
1217 2894 1295 2956 542.

226 3017 301 3083 557.
352 3017 406 3081 VI.
444 3016 516 3080 731.
568 3016 637 3080 VH.
673 3016 746 3081 518.
794 3016 880 3080 VIII.
917 3018 969 3081 39.
1006 3017 1080 3080 419.
1116 3018 1187 3081 tum
1220 3035 1299 3081 vere

230 3141 346 3208 15-ies
368 3140 403 3204 in
426 3140 488 3204 arsi
512 3139 664 3204 secunda:
688 3141 713 3204 Ι.
742 3140 791 3204 15.
834 3140 893 3204 ΙΠ.
922 3141 992 3204 128.
1018 3142 1092 3204 242.
1117 3142 1192 3206 404.
1217 3142 1295 3204 318.

136 3242 1293 3330 'mmmmmmmmmmsm

229 3387 301 3452 175.
336 3388 411 3451 446.
448 3386 523 3449 552.
582 3385 737 3450 Omnibus
768 3385 869 3467 igitur
899 3386 977 3451 loeis
1001 3386 1144 3469 sequitur
1167 3404 1295 3450 caesura

227 3511 292 3574 sire
326 3508 607 3591 hephthemimeris
643 3509 708 3572 sive
741 3509 1000 3590 penthemimeris
1035 3509 1100 3573 sive
1134 3508 1299 3573 trithemie

226 3633 331 3697 meris.
370 3631 606 3695 Trithemimeri
629 3634 744 3712 autem,
770 3650 831 3713 quo
854 3631 1027 3696 firmiorem
1049 3650 1118 3696 eam
1139 3630 1297 3711 redderet,

227 3776 350 3839 semper
372 3755 496 3819 addidit
515 3755 660 3820 Valerius
683 3755 718 3818 in
740 3754 794 3820 ilis
817 3755 961 3820 versibus
983 3754 1292 3837 hephthemimerim.

227 3880 328 3959 Quam
362 3880 401 3943 eb
436 3898 502 3943 rem
535 3899 603 3943 mee
638 3878 755 3944 iudicio
788 3881 872 3944 errat
902 3877 1098 3959 Sehenldius,
1135 3876 1192 3961 qui
1213 3877 1297 3940 inl.

225 4004 251 4067 Ι.
277 4003 352 4083 202,
387 4002 454 4067 1333
488 4002 580 4066 valde
610 4001 707 4066 dubio
731 4002 876 4085 scripsit:
899 4002 952 4068 de
973 3998 1113 4066 miti-
1127 4001 1249 4067 tandeim
1265 4001 1277 4082 ΙΙ

224 4146 289 4190 reon
314 4126 551 4210 temperantibus
575 4174 583 4188 .
606 4173 614 4189 .
640 4175 647 4190 .
671 4128 777 4192 dadis
816 4125 890 4190 Sola
923 4124 1007 4188 enim
1041 4122 1294 4202 trithemimeris,
