3066 4916
681 332 901 396 ,96-

252 528 428 611 applicaret
450 527 538 591 enixe
562 545 689 607 oporam
712 524 843 590 dedisse.
885 527 1112 608 Nihilominus,
1137 528 1193 610 qui
1214 508 1324 593 versus

253 651 423 716 Ouidianos
447 651 479 714 et
500 649 683 714 Valerianos
707 649 877 734 diligenter
898 650 1052 733 perlectos
1075 651 1160 715 inter
1183 670 1215 715 se
1238 670 1323 716 com-

252 775 419 858 paraverit,
455 773 533 838 alios
568 792 635 837 esse
667 773 739 838 illos
775 774 852 838 alios
885 773 942 839 hos
972 793 1086 857 negare
1108 794 1172 839 non
1193 775 1320 857 poterit

253 880 345 961 Quod
369 879 589 963 explicandum
624 899 691 944 esse
715 880 797 944 mihi
820 880 947 945 videtur
968 880 1020 945 his
1043 900 1096 945 sex
1118 881 1322 964 proprietati-

252 1005 313 1068 bus
337 1003 456 1068 Valeri:

360 1128 385 1190 I.
410 1128 526 1210 Magna
548 1127 726 1211 frequentia
748 1147 898 1193 versuum
920 1128 1164 1211 tripartitomm.

361 1251 403 1315 Π.
428 1251 600 1316 Rarissime
630 1271 692 1316 111
716 1250 941 1317 vocabulorum
962 1271 1019 1334 per
1041 1252 1119 1317 duas
1143 1272 1227 1318 arses
1250 1273 1322 1336 per-

252 1374 433 1439 tinentium.

360 1498 417 1562 III.
442 1500 557 1582 Magno
580 1519 710 1564 numero
733 1500 859 1582 formae,
884 1520 963 1584 quae
987 1500 1132 1583 signatur
1154 1503 1238 1567 dodo.
1278 1540 1322 1549 —

253 1622 290 1685 In
314 1621 365 1686 his
388 1624 482 1687 rebus
505 1623 651 1687 Lucanus
677 1623 815 1706 proxime
838 1643 875 1688 ex
899 1624 997 1706 epicis
1020 1625 1059 1688 ab
1083 1642 1118 1688 eo
1142 1625 1214 1688 stat.
1241 1662 1282 1671 -

362 1747 415 1811 IV.
456 1747 585 1812 Summa
622 1747 799 1830 frequentia
839 1748 1031 1812 ineIsionum
1074 1749 1146 1831 post
1182 1747 1323 1830 primum

254 1869 350 1934 simul
385 1874 417 1935 et
451 1871 625 1935 seeundum
657 1873 712 1936 aut
734 1874 805 1954 post
828 1872 976 1955 quartum
1001 1871 1097 1936 simul
1120 1872 1151 1936 et
1174 1871 1323 1955 quintum

252 1976 465 2059 trochaeum

360 2119 396 2183 V.
421 2120 536 2202 Magno
559 2140 688 2184 numere
712 2120 911 2202 incisionum,
938 2139 1015 2203 quae
1040 2121 1115 2184 sunt
1140 2121 1212 2201 post
1228 2118 1324 2202 quin-

251 2244 319 2306 tam
343 2243 447 2308 arsim.

360 2367 413 2431 VI.
438 2368 554 2450 Magna
576 2367 752 2450 frequentia
776 2367 1000 2431 vocabulorum
1022 2365 1323 2448 monosyllaborum,r

253 2509 331 2572 quae
356 2491 486 2554 suntin
511 2491 642 2555 arsibus

359 2615 398 2678 In
419 2615 472 2678 his
494 2614 608 2696 tribus,
633 2633 709 2697 quas
732 2616 890 2696 postremo
918 2613 1022 2695 attuli,
1058 2611 1234 2677 rationibus
1257 2612 1324 2677 Va·

252 2738 350 2803 111111
373 2739 506 2802 maxime
529 2737 645 2820 pendet
667 2757 686 2801 a
708 2737 857 2820 Vergilio.

359 2863 502 2946 Denique
526 2862 656 2927 anobis
679 2864 919 2944 repertumst,
950 2862 1112 2927 Valerium
1147 2863 1249 2926 solum
1283 2880 1322 2925 ex

254 2989 399 3054 omnibus
423 2987 520 3070 epieis
544 3007 580 3052 ea
593 2990 661 3071 lege
677 3006 709 3052 se
725 2986 938 3069 adstrinxisse,
955 3006 994 3050 ne
1008 2988 1196 3052 vocabulum
1211 3009 1323 3054 mono·

254 3114 414 3198 syllabam
429 3114 545 3178 atonon
559 3115 688 3195 poneret
704 3113 737 3177 In
753 3113 816 3177 arsi
832 3114 979 3195 sequente
995 3132 1124 3177 caesura
1137 3114 1320 3197 principali.

360 3238 432 3301 Jam
455 3239 490 3301 11
515 3237 711 3319 singulorum
735 3236 890 3301 librorum
925 3239 1189 3319 comparationem
1223 3240 1322 3305 faeia-

252 3381 334 3444 mus,
371 3363 494 3425 constat
528 3361 669 3427 omnium
706 3359 992 3426 elaboratissimam
1031 3380 1097 3424 esse
1135 3364 1317 3447 seeundum,

252 3488 293 3554 ad
327 3507 420 3571 quem
454 3486 621 3570 diligentia
642 3487 772 3551 metrica
800 3486 933 3550 maxime
957 3487 1076 3552 aeoedit
1098 3488 1180 3552 liber
1202 3491 1318 3569 sextus,

253 3632 347 3695 quem
371 3614 546 3694 sequuntur
568 3611 699 3695 quintus
729 3613 761 3675 et
782 3609 906 3675 1111111.
964 3612 1067 3675 Multo
1101 3613 1319 3695 neglegentius

252 3736 330 3801 faeti
353 3736 428 3800 sunt
450 3736 583 3819 primus,
620 3738 761 3818 quartus,
797 3736 959 3819 septimus,
988 3735 1155 3818 praecipue
1179 3738 1318 3800 octavus.

250 3860 358 3926 Habes
388 3858 490 3943 igitur
518 3859 602 3943 quod
624 3859 739 3925 attinet
762 3861 800 3925 ad
824 3858 1025 3943 diligentiam
1047 3860 1211 3924 metricam
1232 3859 1318 3924 hune

252 3984 320 4049 fere
345 3984 487 4049 ordinem
517 3984 686 4049 librorum:
717 3985 759 4049 Π.
783 3986 837 4049 VI.
863 3986 898 4049 V.
923 3984 981 4048 III.
1006 3985 1108 4050 LIV.
1135 3984 1205 4049 VH.
1228 3983 1315 4048 VIII.
