3066 4916
635 360 683 392 ..·
723 345 767 408 45
813 381 856 390 ..

213 536 339 601 ominus
363 537 469 600 autem
492 555 601 601 rursus
621 537 832 603 Baehrensius
855 539 956 604 faeere
980 559 1042 604 non
1065 541 1179 624 potuit,
1205 543 1283 625 quin

213 661 292 726 duas
316 661 462 725 elisiones
486 660 672 726 durissimas
696 661 747 726 illi
770 662 841 727 sede
865 663 1068 729 attribueret:
1099 665 1152 730 VI.
1181 667 1242 731 128
1254 666 1282 749 ¹)

212 787 302 852 ambo
323 788 471 862 animoso,
495 787 593 852 ambo.
620 787 691 850 VII.
717 786 826 870 503‚2)
850 791 982 854 senseris
1004 797 1031 854 et
1052 811 1100 854 me
1121 811 1280 872 domuum.

211 909 353 973 Alterius
376 909 498 993 generis
533 909 659 974 omissis
693 912 814 993 septem
835 911 902 975 illis
931 913 1090 995 exemplis,
1115 932 1195 996 quae
1217 913 1282 979 iam

214 1052 309 1116 supra
331 1033 427 1097 attuli
449 1052 519 1116 pag.
544 1035 598 1114 40,
625 1033 833 1100 inveniuntur
866 1036 1004 1119 quioqne
1038 1037 1131 1101 baec:
1155 1038 1180 1102 Ι.
1206 1039 1284 1103 216.

213 1159 334 1222 tormina
358 1158 495 1222 nondum
527 1159 602 1223 ollis
634 1158 675 1222 11.
702 1160 776 1225 288.
813 1160 871 1224 boo
901 1162 1070 1242 peritiorem
1103 1161 1184 1225 aeteae
1216 1161 1284 1224 479

213 1283 303 1348 belua
325 1289 499 1347 moerorum
520 1284 632 1365 torpeas
654 1281 706 1346 IV.
732 1283 807 1346 494.
841 1283 957 1349 balitus
979 1304 1079 1347 ouum
1101 1304 1205 1348 omnes
1225 1282 1281 1346 VI.

214 1414 247 1472 ot
268 1408 343 1490 oiyll
364 1408 463 1472 todem
485 1407 582 1472 ardet.

321 1531 359 1594 In
382 1529 446 1594 arsi
468 1529 557 1612 pedis
588 1531 677 1594 tertii
700 1531 783 1595 siout
805 1531 840 1594 in
869 1531 933 1595 arsi
955 1530 1044 1613 pedis
1068 1531 1197 1595 secundi
1219 1531 1285 1595 Va·

215 1655 313 1719 lenius
336 1654 518 1737 saepissime
538 1654 624 1719 elisit
647 1654 802 1738 syllabam
824 1656 952 1738 longam
974 1655 1026 1720 vel
1048 1654 1193 1735 mediam,
1211 1654 1284 1738 qui-

214 1781 275 1844 bus
309 1779 344 1842 111
379 1778 564 1844 elisionibus
597 1778 728 1842 minime
763 1777 983 1842 offendendum
1011 1779 1068 1842 est.
1120 1777 1283 1858 Nusquam

215 1904 330 1985 autern,
366 1902 449 1986 quod
483 1903 548 1966 iam
582 1920 677 1984 supra
712 1901 1033 1982 commemoravimus
1063 1901 1226 1965 elisionem
1248 1900 1283 1964 in

212 2025 277 2090 arsi
310 2023 399 2107 pedis
434 2025 522 2089 tertii
560 2025 607 2088 ita
641 2025 778 2107 admisit,
814 2026 853 2089 ut
888 2024 1147 2107 penthemimeris
1172 2044 1284 2108 sequa·

216 2150 279 2213 tur.
327 2149 444 2214 Contra
466 2150 500 2213 in
534 2149 618 2213 thesi
652 2149 792 2213 eiusdem
826 2148 915 2231 pedis
948 2148 1040 2213 valde
1063 2150 1174 2212 eantus
1198 2150 1283 2228 erat3

215 2293 289 2336 nam
313 2273 437 2337 omissis
461 2273 584 2338 duabus
619 2273 685 2337 illis
707 2273 892 2337 elisionibus
914 2290 985 2354 pag„
1015 2272 1058 2336 54
1082 2271 1197 2353 allatis,
1221 2271 1286 2335 duo

217 2415 326 2460 versus
351 2398 482 2478 exstant,
509 2396 564 2479 qui
590 2395 647 2459 illo
670 2395 739 2460 looo
761 2396 933 2478 praebeant
960 2396 1121 2460 elisionem
1146 2396 1287 2478 syllabae

215 2521 344 2604 longae:
369 2520 394 2585 1.
421 2522 494 2585 101.
528 2522 596 2587 oete
618 2522 699 2586 oo'det
718 2541 775 2585 neo
798 2543 861 2603 quo
892 2542 925 2586 se
956 2522 1080 2586 ordene.
1127 2520 1181 2585 VI.
1207 2521 1282 2585 536.

214 2645 292 2709 uidit
313 2644 414 2721 Aron,
434 2645 568 2726 pandos
591 2652 618 2709 te
639 2647 749 2727 iuquit.
797 2642 925 2726 Syllaba
958 2644 1061 2708 media
1095 2643 1226 2708 eliditur
1248 2643 1282 2706 in

215 2768 300 2831 thesi
321 2767 418 2832 tertia
451 2767 573 2832 duobus
608 2767 685 2832 loeis
708 2768 759 2833 his
782 2768 836 2833 VI.
860 2769 936 2832 417.
979 2766 1162 2834 Colchorum
1185 2770 1287 2834 ooime'

215 2892 303 2956 VIII.
328 2892 402 2957 295.
428 2893 592 2958 clamorem
615 2913 727 2958 omnes.
762 2893 927 2956 Praeterea
949 2893 1071 2975 syllaba
1093 2911 1206 2973 anoeps
1228 2892 1284 2956 IV.

215 3018 292 3082 476.
317 3018 406 3083 eredo
430 3018 578 3100 equidem.

322 3141 395 3206 Iam
417 3144 455 3206 ut
477 3143 673 3206 transeamus
708 3142 747 3207 ad
774 3141 887 3224 pedem
910 3143 1067 3223 quartum,
1091 3138 1286 3222 Argonauti-

217 3249 324 3330 eorum
347 3264 424 3329 libri
445 3265 547 3330 multo
570 3266 721 3330 maiorem
743 3267 894 3348 praebent
916 3284 1083 3329 numerum
1105 3264 1140 3328 in
1162 3263 1246 3328 thesi
1255 3264 1282 3346 ³)

324 3477 350 3546 1)
369 3480 397 3531 et
416 3476 442 3546 2)
462 3477 496 3532 ci.
515 3477 537 3532 1.Ι
552 3477 571 3532 l.
598 3477 683 3547 praef.
708 3476 744 3531 47
767 3480 795 3531 et
817 3476 859 3532 55.
891 3493 974 3547 ppgg.
994 3473 1122 3529 Ceterum
1141 3474 1174 3527 de
1193 3474 1284 3528 conie-

216 3586 294 3637 ctura
313 3583 348 3636 ed
365 3582 445 3638 VIII.
465 3582 498 3635 77
518 3581 579 3636 vide
598 3599 679 3652 supra
697 3599 761 3653 pag.
780 3583 822 3636 37.

324 3690 352 3759 3)
370 3689 404 3743 In
431 3690 483 3743 heo
510 3706 617 3760 quoque
645 3690 708 3744 sede
735 3690 916 3744 Baehrensius
939 3689 1007 3742 duas
1035 3688 1156 3742 duriores
1174 3687 1286 3744 Valerio

216 3795 363 3864 imputavit
391 3796 531 3850 elisiones:
559 3796 607 3850 IV.
626 3796 679 3850 298
700 3801 792 3850 caestu
819 3797 906 3849 elatos
932 3793 1013 3850 VIII.
1043 3793 1095 3848 164
1122 3794 1212 3847 alieno
1239 3793 1285 3847 ad.

217 3901 270 3955 Sed
289 3902 356 3955 haeo
374 3901 518 3955 haetenus!
543 3919 607 3955 nam
625 3918 717 3956 omnes
737 3901 870 3968 elisiones,
896 3917 963 3970 ques
981 3901 1023 3953 111
1044 3899 1093 3953 ille
1112 3899 1285 3953 doctissimus

213 4006 461 4076 Arqonautioorum
477 4007 555 4062 librIs
568 4008 690 4075 inseruit,
710 4007 805 4061 afferre
817 4007 930 4076 longum
949 4007 998 4060 est.
1023 4004 1150 4060 Ceterum
1169 4021 1201 4058 ex
1218 4003 1284 4072 illis,

215 4129 286 4182 qnae
305 4114 456 4184 attnbmus,
475 4115 543 4168 satis
561 4131 691 4184 apparere
708 4114 824 4182 videtur,
845 4130 928 4184 quarn
945 4111 1017 4167 male
1035 4112 1119 4165 etiam
1137 4112 1286 4165 amatrice

212 4220 322 4275 ratione
342 4222 429 4291 egerit
446 4222 476 4274 in
495 4220 668 4275 emendandis
685 4220 763 4274 libris
781 4219 882 4276 Valeri.
