3066 4916
656 351 878 415 ..89-

230 548 362 628 scrupeis
385 545 637 610 malemaine.
673 544 727 608 VI.
765 543 839 608 905.
876 552 962 627 teque
986 567 1047 627 pcc
1069 545 1150 611 teuc
1171 546 1302 628 panitur,

227 670 341 750 iuquit,
365 669 420 734 titi
442 670 470 732 si
493 676 597 734 maaet
617 689 679 734 oro.
703 669 744 733 ΙΙ.
772 670 846 733 392.
868 676 994 750 portam
1017 670 1125 736 demus
1147 672 1202 746 ce,
1224 716 1233 735 .
1258 719 1266 733 .
1292 718 1301 732 .

229 793 305 857 tuac
339 795 451 858 credite
479 796 611 876 puppis.
635 793 705 857 Vll.
732 795 806 858 633.
835 794 989 874 Infectam
1016 794 1302 875 interclusosque

231 924 374 982 armarat
407 920 443 981 c‘a
476 918 554 983 illos.
595 957 636 964 -
660 916 745 996 Quae
767 919 934 1000 postremis
957 917 1080 982 duobus
1103 916 1180 982 locis
1205 916 1302 980 attuli

229 1042 371 1124 exempla
395 1041 479 1106 nihil
501 1042 604 1106 valere
635 1044 773 1124 apparet,
810 1062 882 1106 cum
905 1042 1064 1124 inpriore
1098 1044 1170 1124 post
1192 1061 1301 1106 vocem

229 1168 275 1230 ott
296 1165 330 1229 in
354 1165 501 1230 omnibus
514 1166 606 1231 libris
629 1168 817 1232 vocabulum
840 1167 1007 1250 insequens
1031 1167 1123 1249 desit,
1142 1167 1299 1248 posterius

230 1290 265 1353 in
303 1309 396 1354 versu
435 1290 478 1355 sit
514 1291 664 1373 positum,
704 1292 760 1375 qui
797 1311 815 1356 a
852 1292 1076 1375 manuscriptis
1114 1291 1300 1356 melioribus

231 1413 365 1478 omissus
389 1414 423 1477 in
446 1413 605 1479 Carrionis
628 1417 755 1480 tantum
778 1416 883 1480 codiee
905 1415 1043 1480 traditus
1067 1418 1116 1480 est
1126 1416 1163 1499 ¹).

338 1539 488 1622 Comepta
513 1539 648 1623 denique
672 1541 780 1622 exstat,
816 1541 854 1604 ut
875 1538 909 1602 id
932 1558 1055 1622 quoque
1077 1537 1214 1619 afferam,
1251 1557 1299 1601 se-

229 1662 293 1726 mel
316 1663 417 1728 forma
438 1665 532 1729 eadee
554 1664 613 1728 111.
638 1665 713 1728 499.

336 1786 379 1850 Ut
414 1806 458 1867 ea,
494 1807 573 1871 quae
606 1788 642 1851 in
674 1788 734 1853 hoe
756 1788 859 1870 eapite
882 1787 1153 1871 investigavimus,
1188 1787 1299 1869 paucis

227 1911 538 1994 comprehendamus,
575 1915 715 1996 apparet,
749 1913 913 1979 Valerium
947 1912 1175 1993 correptionem
1207 1910 1299 1975 valde

227 2036 263 2099 in
287 2035 409 2100 deliciis
432 2036 591 2120 habuisse,
628 2038 682 2103 sed
704 2038 909 2122 productione
935 2057 1090 2120 nusquam
1116 2036 1181 2100 fere
1203 2055 1299 2100 usum

228 2179 295 2224 esse
318 2160 381 2225 nisi
414 2162 449 2225 in
483 2161 556 2244 arsi,
592 2162 687 2245 idque
721 2164 905 2246 plerumque
930 2162 1078 2245 sequente
1101 2179 1228 2224 caesura
1252 2161 1300 2223 le-

226 2286 349 2369 gitima.

334 2890 403 2953 Hoc
417 2889 485 2954 loco
502 2889 585 2954 nihil
600 2890 664 2954 nisi
686 2889 720 2953 id
745 2889 958 2954 adnotandum
981 2891 1037 2969 est,
1063 2889 1224 2954 Valerium
1248 2907 1294 2967 eo,

227 3014 311 3097 quod
345 3014 484 3078 vocalem
518 3036 534 3080 o
569 3015 753 3096 plerumque
787 3033 844 3095 pro
878 3015 1022 3096 correpta
1055 3012 1230 3094 usurpavit,
1256 3013 1298 3076 ab

230 3137 341 3202 Ovidio
377 3137 431 3221 (cf.
466 3137 612 3202 (lorsseui
646 3138 667 3202 l.
692 3138 713 3202 l.
738 3138 798 3201 vol.
823 3137 865 3201 H.
890 3158 920 3219 p.
946 3139 1021 3202 479.
1047 3137 1127 3220 eqs.)
1150 3137 1294 3219 pendere.

228 3259 355 3326 Ceterae
389 3261 474 3326 enim
507 3281 566 3343 res,
603 3261 641 3326 de
676 3262 793 3345 quibus
826 3261 929 3344 priore
951 3260 1047 3325 huius
1070 3260 1183 3344 capitis
1207 3262 1297 3342 parte

228 3386 328 3451 locuti
351 3406 469 3468 sumus,
493 3387 611 3470 partim
634 3407 653 3452 a
676 3386 816 3469 Vergilio
840 3388 871 3450 et
894 3385 1007 3451 Ovidio
1030 3386 1203 3469 ceterisque
1222 3405 1297 3468 poe-

228 3511 271 3575 tis
294 3510 413 3593 pariter
435 3512 499 3575 fere
522 3514 691 3594 usurpatae
715 3512 798 3591 sunt,
822 3509 940 3592 partim
960 3510 1089 3591 propter
1103 3510 1296 3592 paucitatem

227 3637 438 3717 exemplorum
474 3635 569 3726 nimis
596 3635 733 3701 incertae
756 3635 912 3715 videntur,
949 3653 1044 3717 quam
1067 3635 1104 3697 ut
1127 3634 1167 3698 ad
1189 3635 1296 3699 Valeri

228 3779 370 3825 normam
393 3780 466 3825 eum
496 3763 671 3825 ceterorum
693 3760 817 3845 legibus
841 3758 1081 3841 comparandam
1105 3758 1204 3822 ullius
1228 3778 1296 3823 esse

226 3883 379 3948 momenti
401 3883 532 3966 possint.

335 4166 363 4233 1)
383 4166 418 4220 cf.
436 4166 469 4220 de
488 4166 531 4219 his
548 4183 589 4220 vv.
609 4165 699 4221 Thilo.
