3066 4916
655 342 946 418 -13-'

231 548 327 612 beant
350 546 486 630 speciem
508 546 750 630 penthemimeri
772 545 979 630 dispertiendi
994 548 1079 629 sunt,
1102 548 1216 629 tamen,
1241 546 1297 631 qui

231 669 409 736 accuratius
431 669 546 754 legerit
559 669 845 754 Argonauticcrum
868 669 976 752 libres,
996 670 1080 734 certe
1103 669 1166 734 sibi
1187 687 1297 752 pensu·

232 793 340 859 adebit
360 792 523 859 Valerium
546 792 674 876 quidem
696 792 865 858 nonnullos
887 791 1042 859 eiusmodi
1064 812 1174 859 versus
1197 792 1297 876 heph-

233 916 413 982 themimdi
428 915 530 981 dividi
544 917 691 999 voluisse,
708 936 782 982 cum
800 916 961 983 interdum
983 936 1057 982 cum
1072 918 1139 983 arte
1161 916 1297 1002 quadam

233 1039 489 1106 trithemimen'm
511 1040 691 1124 neglexerit.
738 1039 829 1120 Quod
862 1040 972 1125 paucis
995 1041 1144 1124 exemplis
1168 1040 1297 1106 demen-

233 1168 332 1231 strare
365 1165 497 1231 fortasse
530 1184 595 1230 nen
628 1183 895 1248 supervacaneum
924 1164 994 1230 erit.
1040 1163 1188 1231 conferas
1212 1163 1297 1229 enim

231 1289 309 1353 libri
322 1288 348 1354 Ι.
372 1308 421 1354 vv.
446 1288 519 1353 inde
535 1308 554 1353 a
569 1290 621 1354 39.
646 1306 746 1372 usque
769 1289 810 1352 ad
833 1288 885 1351 55.
917 1287 986 1352 Hoc
1008 1288 1077 1353 1000
1097 1287 1201 1352 Pelias
1224 1306 1297 1371 gra-

231 1412 371 1478 vissimis
402 1414 434 1477 et
456 1411 690 1477 excitatissimis
722 1411 827 1477 verbis
861 1410 1048 1476 adhortatur
1069 1410 1225 1493 dasenem,
1260 1412 1298 1476 ut

232 1536 346 1602 vellere
368 1535 479 1601 Phrixi
501 1537 684 1619 recuperate
718 1534 925 1620 maximisque
957 1533 1108 1618 periculis
1142 1534 1297 1618 superatis

232 1666 389 1726 summam
410 1659 472 1725 sibi
495 1660 620 1744 pararet
641 1658 784 1744 gloriam.
831 1657 1072 1724 Oencludnntur
1100 1657 1196 1739 „haec
1219 1676 1297 1739 pen-

233 1783 361 1848 dercsa“
387 1784 472 1848 dicta
494 1802 587 1848 versu
610 1784 684 1847 hcc:

329 1909 443 1975 laddns
464 1908 607 1974 10010100
627 1909 775 1983 invenem,
793 1903 986 1991 propterque
1006 1906 1124 1973 debenti
1145 1925 1208 1990 eqs.

338 2032 435 2097 Peme
470 2031 671 2097 conferantur
704 2020 844 2095 eiusdem
877 2030 955 2095 libri
987 2049 1036 2095 vv.
1072 2029 1146 2095 inde
1179 2048 1199 2094 a
1232 2029 1298 2095 320

232 2174 331 2240 usque
354 2156 394 2221 ad
417 2158 492 2238 334,
522 2156 580 2220 nbi
601 2155 763 2220 Alcimede
797 2174 920 2221 summe
943 2154 1055 2221 timore
1083 2152 1298 2220 acerbissimo·

232 2301 292 2366 que
315 2281 420 2347 delere
435 2281 621 2364 perturbata
636 2299 740 2346 ceram
761 2278 913 2345 matronis
929 2278 967 2343 de
982 2278 1158 2362 periculose
1173 2277 1295 2361 itinere,

232 2404 315 2491 quod
349 2406 435 2471 filius
467 2407 671 2489 suscepturus
705 2404 762 2486 est,
794 2402 1067 2469 vehementissime
1094 2401 1295 2468 lamentatur.

231 2530 353 2595 Rursus
376 2529 474 2595 oratio
498 2529 555 2593 ille
577 2527 777 2595 cuncluditur
798 2527 952 2593 eiusmodi
975 2545 1082 2592 versu:

494 2654 610 2719 1011100
632 2651 792 2718 Alcimede
812 2658 942 2731 meerd3
964 2671 1028 2735 eqs.

337 2776 490 2862 Agenunc
505 2777 573 2861 ipse
588 2776 710 2842 iudica!
728 2815 771 2824 —
787 2777 897 2840 Nonne
912 2775 1067 2840 crationes
1082 2773 1166 2856 illae,
1179 2773 1296 2857 quibus

232 2901 355 2986 aliquid
376 2899 555 2967 turbulenti
577 2879 798 2984 et‘prccellosi
819 2899 922 2965 inesse
945 2899 1108 2980 sentimus,
1133 2897 1296 2982 aptissime

232 3025 524 3110 elegantissimeque
559 3024 679 3089 talibus
703 3022 845 3089 verubus
876 3022 1117 3105 concluduntur,
1142 3022 1180 3086 ut
1209 3040 1295 3086 sum·

232 3170 317 3215 mam
359 3151 426 3216 uim
470 3148 843 3232 vehementissimumque
888 3147 1056 3214 studerem
1096 3147 1296 3231 tempestatis

232 3272 338 3339 subite
359 3273 576 3358 placidissime
596 3272 730 3338 malacia
752 3274 902 3356 subsequi
923 3272 1090 3340 videatur?

339 3398 464 3464 Similia
485 3397 638 3482 praebent
658 3416 784 3463 versus:

390 3524 441 3588 ΠΙ
461 3523 529 3588 490
550 3523 666 3590 talibas
692 3522 824 3588 Oenides
845 3528 969 3607 0000οε
991 3540 1051 3604 eqs.

391 3647 436 3713 VI
459 3648 525 3712 292
546 3647 621 3713 daec
643 3649 690 3713 ee't
710 3648 898 3728 enddnsqne
919 3644 1031 3711 Erebe.
1055 3663 1115 3727 eqs.

226 3789 287 3835 nec
302 3770 408 3836 minus
423 3770 590 3855 respondet
604 3770 662 3834 illa
683 3769 784 3834 ferma
798 3768 923 3852 legibus
939 3766 1111 3851 elegantiae
1127 3764 1178 3830 his
1201 3764 1294 3831 lccis:

319 3893 337 3958 I
360 3895 424 3960 744
446 3895 506 3962 den
526 3895 640 3979 quidne
661 3893 837 3978 109000111ον
855 3892 950 3973 fetis!

357 4019 423 4084 810
446 4066 559 4084 .....
576 4019 647 4085 dete
665 4017 778 4098 selleca·
793 4017 987 4099 pnddbnndc
1007 4020 1144 4082 senectae

446 4142 541 4209 001110
562 4143 779 4226 indecoresque
800 4142 907 4208 oben.
929 4160 990 4224 cqc.
