3066 4916
645 342 866 404 ..75-

216 534 335 600 aetatis.
372 534 446 597 277.
482 553 584 599 aomo
613 536 649 598 ia
671 533 770 616 officis
793 541 825 598 et
849 534 1015 615 praelatas
1037 556 1164 599 aeaeae
1185 537 1286 600 satis.

219 657 303 722 XIV.
330 658 403 722 227.
428 657 550 722 tacitas
568 659 629 722 isse
650 678 758 722 neaera.
779 664 814 721 et
835 663 951 722 tessara
967 660 1124 738 aspexisse
1144 661 1285 739 petitam.

219 780 287 845 XV.
315 781 387 845 763.
419 781 562 862 poatipiai
583 780 676 846 tetam
699 788 736 846 et
757 782 921 847 ooaiaeata
943 802 1035 846 arata
1057 784 1179 846 mosea.
1214 781 1287 846 XII.
1368 866 1370 869 ι

224 906 296 969 161.
331 907 426 987 iaqae
458 906 538 969 aises
571 906 659 970 adita
693 912 800 988 atque
833 905 983 970 eataasta
1011 906 1157 986 periaoda
1186 926 1287 987 saepe.

220 1027 275 1093 IV.
316 1028 389 1092 302).
432 1027 571 1110 apmpda
610 1029 688 1104 satit,
728 1030 782 1093 se'd
817 1050 889 1093 aee
926 1029 1085 1094 maedus
1122 1035 1197 1110 apta
1233 1049 1288 1094 aee

222 1172 316 1216 areas
338 1153 395 1215 eto.

329 1303 412 1366 rum
434 1321 507 1367 vero
530 1302 615 1366 inter
652 1304 834 1383 reversus,
872 1301 927 1384 qui
960 1301 1222 1383 praepositionem
1256 1301 1290 1365 in

223 1423 287 1488 arsi
309 1425 405 1488 tertia
427 1425 585 1506 exhibent,
622 1425 683 1489 dno
706 1425 921 1505 inveniuntur,
959 1424 1015 1507 qui
1038 1424 1290 1489 1111111111εεί-

222 1549 288 1612 tate
310 1549 553 1630 penthemimeri
576 1548 781 1632 dispertiendi
804 1551 887 1612 sunt.
921 1550 947 1612 I.
975 1550 1047 1612 720.
1087 1549 1174 1633 Arpe
1207 1551 1291 1613 iaees

223 1673 364 1754 quodque
396 1674 436 1737 ia
470 1679 511 1738 tot
545 1674 663 1738 trimisia
692 1673 796 1737 tamea
818 1673 960 1737 habebas.
1000 1671 1071 1736 XII.
1098 1675 1171 1736 1111).
1211 1671 1291 1738 Jam

223 1797 303 1860 siais
325 1803 369 1860 est
390 1803 418 1861 et
440 1798 485 1862 de
509 1802 572 1862 taor
595 1817 706 1880 mapao
729 1803 823 1861 aaa
838 1795 968 1861 Aetate.
996 1834 1035 1843 —-
1060 1815 1160 1878 neque
1184 1795 1291 1859 minus

224 1919 259 1982 in
282 1918 345 1982 arsi
369 1921 481 2002 quarta
504 1920 611 2002 posuit
633 1919 898 2002 praepositionem
922 1919 1086 1983 deficiente
1113 1918 1292 2002 penthemi-

224 2042 321 2108 meri:
344 2046 417 2107 met.
442 2044 483 2108 H.
512 2045 584 2108 774.
609 2046 760 2127 inperauit
780 2044 958 2125 oattaaaqae
980 2044 1056 2108 deae
1087 2045 1131 2108 ad
1160 2043 1292 2122 fastidia

224 2166 324 2231 duait.
359 2166 414 2230 IX.
440 2169 514 2231 500.
550 2174 624 2232 serat
645 2169 768 2248 superis
790 2187 850 2231 saa
871 2168 954 2233 iasa.
988 2168 1064 2249 qaid
1086 2168 1129 2232 ad
1151 2165 1294 2231 caelestia

224 2292 315 2354 sitas.
339 2290 467 2354 Heroid.
492 2291 562 2355 VH.
588 2292 640 2354 25.
664 2291 716 2355 itte
739 2292 863 2373 qaidaa
882 2291 964 2356 atate
977 2297 1088 2374 pratas
1110 2297 1138 2355 et
1159 2291 1203 2355 ad
1224 2310 1294 2355 mea

224 2432 354 2478 manera
376 2415 501 2479 sardas.
528 2452 569 2460 -
594 2414 651 2477 Sed
676 2413 808 2478 fortasse
831 2414 865 2477 in
889 2413 1012 2477 duobus
1036 2413 1179 2477 versibus
1206 2415 1293 2494 post-

225 2555 311 2600 remo
346 2536 451 2600 allatis
487 2556 614 2601 caesura
637 2539 710 2619 post
732 2537 864 2601 tertium
887 2537 1078 2618 trochaeum,
1107 2555 1186 2619 quae
1209 2536 1294 2616 apud

226 2659 376 2724 Ovidium
400 2660 523 2742 saepius
547 2659 717 2741 invenitur,
744 2660 911 2724 statuenda
934 2661 989 2741 est,
1015 2678 1086 2723 enm
1103 2658 1211 2723 eodem
1225 2658 1293 2723 loeo

227 2782 323 2846 etiam
345 2782 457 2847 incisio
480 2783 584 2866 logica
606 2785 657 2848 sit.
704 2783 836 2875 Minime
870 2785 977 2848 autem
999 2803 1055 2850 nos
1087 2783 1294 2865 praepositio-

226 2904 331 2986 nibus,
357 2925 436 2988 quae
460 2906 580 2970 sintin
605 2907 668 2970 arsi
692 2909 812 2990 quarta,
847 2908 887 2970 ad
909 2926 1018 2971 versus
1041 2906 1088 2970 ita
1110 2904 1294 2969 dividendos

228 3028 307 3111 eogi,
333 3048 369 3092 111
392 3029 503 3094 ceteris
528 3030 685 3113 exemplis,
711 3049 789 3112 quae
813 3030 988 3111 attulimus,
1014 3031 1124 3093 elucet.

335 3179 476 3261 Apparet
509 3179 618 3262 igitur,
655 3180 842 3244 Ouidianum
881 3198 1003 3262 quoque
1042 3181 1141 3243 artem
1175 3198 1193 3242 a
1227 3177 1295 3261 lege

228 3300 395 3366 Valeriana
418 3302 553 3366 alienam
576 3301 682 3367 fuisse.
729 3303 830 3367 Immo
853 3321 925 3367 vero
958 3302 1090 3369 Ovidius
1113 3322 1149 3366 aa
1171 3302 1240 3385 lege
1263 3321 1296 3365 se

229 3423 433 3490 adstrinxisse
455 3396 591 3508 videtur,
628 3427 666 3490 ut
687 3425 972 3508 praepositionibus
1004 3426 1135 3491 fortasse
1159 3426 1295 3506 exeeptis

228 3548 445 3630 monosyllaba
479 3550 573 3613 etone
605 3549 639 3612 in
662 3549 785 3613 ansibus
820 3549 915 3614 tertia
949 3550 981 3613 et
1004 3551 1116 3632 quarte
1147 3568 1210 3612 non
1233 3548 1297 3612 nisi

229 3672 378 3752 sequente
402 3688 529 3735 caesura
552 3671 702 3754 posuerit.
750 3669 840 3748 Quod
875 3670 961 3735 idem
994 3671 1070 3735 feeit
1098 3671 1244 3735 Lucanus
1257 3672 1294 3756 ¹).

228 3792 308 3856 Eius
332 3795 492 3859 autemst
516 3797 691 3860 ceterorum
724 3794 906 3876 posterioris
943 3796 1010 3859 aevi
1045 3795 1215 3876 epicorum,
1241 3794 1298 3878 qui

339 4109 365 4178 1)
384 4110 419 4164 ef.
438 4110 581 4179 Trampius
601 4111 619 4165 l.
638 4111 657 4165 l.
676 4129 702 4181 p.
726 4112 760 4164 56
780 4114 808 4164 et
826 4113 869 4166 46.
