3066 4916
631 316 851 378 ..49-

206 505 382 589 ceterisque
397 505 505 589 epicis,
531 506 587 588 qui
610 505 804 588 seripserunt
825 527 855 589 p.
873 506 946 572 Chr.
963 527 994 572 n.
1011 483 1272 591 anteponendum,

206 630 318 696 statim
340 630 475 694 transire
497 628 608 693 malim
631 628 671 692 ad
694 628 912 695 diiudIaandas
935 630 1029 714 leges,
1051 632 1165 715 quibus
1181 634 1273 703 Vale-

206 753 292 818 rium
315 772 409 817 usum
432 772 499 817 esse
521 752 613 818 mado
637 753 858 818 demonstravi.

312 876 360 940 Aa
383 876 522 959 primum
546 875 673 959 quidam
688 876 858 958 videamus,
874 877 912 941 de
932 878 1096 962 dactylicis
1111 881 1273 945 vocabulis

206 999 304 1064 simul
327 1001 359 1064 et
380 999 622 1083 pyrrhichiaais.
660 999 773 1065 Posuit
795 1000 954 1083 Vergilius
974 1001 1008 1066 in
1023 1001 1106 1066 thesi
1123 1002 1272 1069 secunda:

206 1124 318 1206 Georg.
342 1123 385 1188 Π.
403 1124 478 1189 285.
494 1145 557 1188 aaa
570 1126 712 1189 amimam
726 1125 815 1188 mode
829 1127 876 1188 ati
891 1132 1019 1206 paseat·
1033 1125 1111 1189 Aen.
1124 1126 1178 1191 VI.
1198 1128 1272 1192 778.

205 1245 280 1311 baec
302 1252 367 1311 tam
388 1249 517 1313 mamma
540 1252 632 1311 eruat
652 1245 691 1309 X.
709 1245 783 1310 514.
802 1248 918 1312 ardeas
932 1248 1060 1312 limitem
1076 1250 1149 1332 apit.
1176 1247 1273 1313 Silius

205 1367 240 1432 in
263 1369 481 1435 valliam.
504 1391 581 1434 aam
602 1370 743 1435 trabibus
764 1371 847 1435 rada
869 1377 897 1435 et
914 1372 1036 1436 iaieeta.
1053 1370 1108 1435 XI.
1127 1373 1201 1436 247.
1225 1374 1274 1438 im

202 1494 332 1574 fremuit
353 1494 397 1559 lea
419 1500 448 1559 et
468 1496 623 1559 immersis
645 1493 728 1558 XIV.
746 1494 820 1558 458.
837 1464 996 1560 Hammm
1011 1497 1196 1578 saaqaiaem
1217 1498 1271 1560 ait.

206 1616 371 1698 Nusquam
405 1616 468 1680 tale
492 1615 663 1698 quidquam
698 1618 799 1680 exstat
821 1616 906 1698 apud
929 1616 1087 1698 Ovidium,
1124 1617 1270 1699 Statium,

204 1739 378 1821 Lucanum,
402 1739 573 1805 Valerium.

312 1865 409 1929 Porro
432 1865 467 1929 in
488 1864 573 1929 thesi
597 1868 708 1947 quarta
731 1864 861 1928 admisit
882 1864 1041 1947 Vergilius
1072 1866 1106 1930 in
1127 1864 1205 1930 Aen.
1229 1866 1272 1929 H.

206 1988 281 2052 550.
304 1988 420 2053 altaria
443 1989 486 2053 ml
499 1990 572 2070 ipsa
594 1995 768 2054 trememtem
791 1988 845 2051 VI.
864 1990 937 2053 abb.
966 1988 1121 2070 Capitalia
1143 1990 1187 2054 ad
1209 1990 1274 2055 alta

208 2108 351 2176 Gamatbi
383 2112 454 2176 VII.
480 2113 556 2203 317.
584 2113 775 2194 praecordia
809 2113 852 2177 ael
873 2114 986 2178 intima
1008 2113 1112 2178 subdit
1132 2113 1171 2177 X.
1196 2113 1271 2177 459.
1341 2098 1345 2105 ’

204 2257 415 2320 maprmmqae
447 2238 492 2302 ita
514 2238 558 2302 ad
579 2237 703 2302 aethera
731 2237 821 2317 fatur
842 2236 898 2300 XI.
924 2237 998 2301 556.
1022 2238 1142 2302 libraris
1164 2240 1209 2302 ita
1230 2240 1274 2304 ael

205 2360 332 2426 aethera
350 2360 441 2440 t'atm
456 2359 526 2424 VH.
544 2361 616 2425 113.
636 2363 776 2442 perraria
793 2362 897 2444 adepit
911 2362 1034 2439 edmeli3
1056 2361 1094 2425 X.
1113 2362 1187 2426 004.
1211 2364 1273 2427 saia

205 2484 319 2550 aeerba
341 2505 478 2549 mearam
511 2484 553 2547 II.
580 2485 653 2548 241.
679 2484 787 2549 domm
821 2485 846 2548 I
847 2485 925 2549 liam
947 2491 975 2549 et
996 2485 1114 2549 iaelata
1138 2485 1211 2549 bella
1234 2486 1271 2549 V.

205 2607 281 2672 576.
317 2607 371 2673 bae
407 2607 509 2672 iliam
531 2615 559 2673 et
591 2608 665 2673 baee
699 2608 761 2672 laea
789 2606 925 2673 Troiam.
973 2606 1093 2671 Statius
1116 2607 1151 2670 in
1173 2607 1271 2672 Theb.

204 2730 260 2794 XI.
283 2732 357 2796 352.
382 2738 415 2796 ta
437 2733 550 2798 limma
573 2734 657 2797 avita
680 2732 821 2814 deasque
842 2730 961 2794 Achill.
985 2730 1103 2794 Ι.132.
1127 2733 1216 2796 marla
1238 2734 1273 2796 ia

204 2855 303 2920 ubera
336 2875 453 2921 saeuas.
502 2855 597 2919 Silius
632 2855 674 2919 II.
700 2855 776 2920 430.
813 2857 984 2919 aertamma
1017 2854 1131 2919 arbela
1144 2863 1275 2920 'morere

205 2977 293 3042 XIII.
308 2979 383 3043 387.
409 2979 570 3059 etfaaera
593 2980 703 3045 aeerba
718 2999 846 3044 sauram
872 2979 944 3043 703.
969 2979 1036 3042 laea
1057 2999 1186 3044 amoma
1203 2979 1274 3059 pia·

205 3124 279 3167 ram
293 3102 377 3168 XVI.
395 3104 469 3167 217.
486 3124 570 3167 mam
585 3104 677 3168 litera
692 3102 812 3168 Hibera
828 3124 982 3181 eruerem·
1004 3103 1074 3166 tum
1098 3121 1169 3166 vero
1185 3103 1271 3166 VIII.

206 3226 282 3291 507.
317 3227 502 3306 eireamslaa
535 3233 563 3291 et
584 3228 722 3308 martique
755 3227 862 3292 sollers
891 3225 929 3289 X.
958 3225 1030 3290 105.
1056 3228 1225 3291 aer-tamma
1247 3233 1275 3291 et

205 3351 321 3416 addere
337 3353 463 3432 passim
477 3350 566 3415 XIII.
582 3351 656 3415 527.
681 3351 835 3433 quidquid
852 3350 935 3430 freta
950 3358 977 3415 et
991 3353 1102 3434 ipaeas
1123 3371 1178 3414 aer
1196 3350 1270 3414 575.

203 3480 279 3537 sam
293 3475 454 3556 paralaet
476 3481 545 3540 atra
569 3472 730 3557 Meqaera.
755 3474 887 3537 Frustra
909 3473 971 3537 tale
991 3472 1163 3555 quidquam
1179 3491 1273 3556 quae-

204 3616 254 3661 res
278 3596 363 3678 apud
386 3596 545 3679 Ovidium,
568 3597 741 3678 Lucanum,
764 3596 934 3661 Valerium.

313 3719 397 3798 Quia
420 3739 460 3784 ne
483 3720 559 3784 haee
582 3719 710 3803 quidem
734 3719 862 3802 scripsit
884 3739 957 3785 cum
971 3721 1097 3786 Lucana
1117 3721 1272 3801 Valerius,

205 3862 285 3926 quae
310 3844 371 3907 sibi
393 3845 539 3926 permisit
561 3844 595 3907 in
618 3844 701 3908 thesi
724 3844 832 3908 tertia:
858 3844 989 3910 Ovidius
1012 3845 1066 3909 IV.
1080 3845 1156 3909 451.
1178 3867 1275 3929 praee

204 3973 233 4032 et
252 3969 449 4049 implorabile
470 3990 594 4034 mamea.
626 3967 747 4032 Statius
770 3968 795 4032 I.
821 3969 895 4032 212.
919 3991 1013 4053 praue
1035 3975 1063 4035 et
1082 3969 1274 4035 immutabile

202 4093 324 4157 sumetis
344 4091 404 4156 III.
423 4093 497 4158 706.
513 4099 649 4179 praeeat
666 4092 841 4159 lalaetabile
855 4113 989 4172 marram
1010 4091 1156 4177 idemque
1172 4093 1276 4157 exstat

1089 4216 1112 4280 4
