3066 4916
636 325 857 388 ..47-

316 518 394 584 lude
417 519 456 582 ab
480 519 543 583 arsi
558 519 647 601 pedis
665 518 771 601 quinti
786 537 942 602 nusquam
965 517 1167 582 imminuitur
1182 518 1281 600 sylla-

210 646 252 710 ba
273 643 426 726 preducta
448 644 499 707 vel
521 642 634 724 media,
658 642 722 707 nisi
746 642 829 727 quod
852 643 949 707 semel
971 643 1072 706 exstat
1095 640 1281 706 adverbium

208 771 322 834 derasa
343 767 377 831 in
401 767 464 831 arsi
486 766 576 850 pedis
601 768 680 832 serti
703 768 817 832 elisum
839 767 892 832 VI.
919 769 997 832 300:

210 894 338 977 nemine
369 913 432 957 non
456 913 592 975 cesenam
619 890 789 975 Cyrnum
815 893 896 957 uidet
922 898 1015 974 elque
1037 893 1149 955 iterum
1170 891 1279 956 intrat.

317 1033 402 1098 Haec
444 1034 492 1097 est
525 1032 674 1098 Schnlreli
705 1032 809 1098 lectio.
868 1032 928 1096 Sed
961 1032 1014 1096 hic
1055 1031 1143 1096 locus
1174 1033 1279 1096 certus
1400 1071 1401 1074 =

210 1175 339 1239 prorsus
375 1175 438 1220 nen
462 1158 518 1238 est,
555 1176 629 1221 cum
662 1156 697 1220 in
732 1156 878 1220 omnibus
906 1156 1066 1221 codicibus
1089 1157 1281 1220 vocabulum

216 1278 358 1364 Cyrnum
373 1278 464 1344 desit.
497 1280 707 1344 Baehrensius
730 1279 876 1343 lacunam
898 1279 945 1343 ita
963 1279 1131 1361 supplevit,
1149 1280 1185 1342 ut
1207 1279 1281 1360 post

209 1402 399 1467 vocabulum
420 1405 534 1467 ilerum
557 1421 664 1466 vocem
687 1404 793 1468 acrior
814 1402 979 1483 insereret3
1004 1402 1049 1466 sic
1072 1401 1161 1466 elisio
1184 1401 1222 1466 fit
1244 1401 1281 1465 in

211 1525 277 1590 arsi
299 1525 389 1607 pedis
413 1525 527 1608 quinti.
576 1525 710 1609 Scripsit
732 1526 817 1590 enim
839 1545 965 1591 versum
987 1526 1051 1590 ita:

161 1643 163 1647 ’
240 1653 368 1734 apmine
390 1671 454 1715 nen
478 1671 612 1733 asperent
635 1651 724 1715 videt.
748 1657 840 1733 alque
863 1652 978 1714 iterum
1001 1652 1125 1715 acrior
1148 1651 1251 1714 instat.

318 1790 485 1873 Correptae
504 1791 626 1856 vocales
641 1792 676 1855 in
692 1791 754 1855 arsi
771 1793 856 1856 senta
871 1790 1058 1855 imminutae
1073 1790 1280 1854 inveniuntur

212 1912 263 1977 his
280 1916 308 1979 6.
333 1913 428 1978 locis:
452 1914 495 1978 H.
523 1917 595 1979 166.
612 1937 708 1998 neque
723 1916 780 1981 cdl
797 1916 871 1980 519.
895 1918 1058 1980 intremere
1081 1915 1141 1981 Ide
1161 1916 1199 1980 V.
1224 1915 1277 1978 4‘2.

211 2038 266 2102 ndi
290 2038 405 2102 Idmon
431 2038 502 2102 145.
520 2041 698 2104 sinearmis
711 2040 784 2104 680.
809 2042 938 2121 accipite
961 2040 1035 2104 crdo
1049 2039 1100 2103 VI.
1118 2040 1193 2104 522.
1212 2060 1279 2104 cor-

205 2184 347 2245 poraque
369 2165 457 2226 atria.
538 2199 540 2202 >

320 2285 417 2350 Nulla
439 2285 574 2369 denique
590 2287 690 2350 exstat
706 2286 897 2369 synaloepha
919 2287 953 2350 in
976 2287 1059 2351 thesi
1081 2286 1171 2370 pedis
1188 2288 1278 2352 sexti.

319 2427 363 2491 ut
385 2427 449 2491 iam
472 2446 516 2509 ea,
535 2446 594 2509 que
610 2425 648 2489 de
663 2426 887 2491 vocabulorum
908 2427 1037 2491 elisione
1059 2413 1278 2512 investiganda

212 2552 419 2634 repperimus,
443 2551 552 2634 paucis
577 2551 772 2634 colligamus,
796 2551 959 2616 Valerium
993 2551 1043 2615 his
1067 2552 1131 2616 fere
1154 2552 1279 2635 legibus

213 2695 247 2740 se
270 2675 474 2740 adstrinxisse
498 2675 666 2740 dicendum
690 2678 754 2740 est:

321 2816 337 2880 Ι
370 2836 410 2880 ne
444 2836 595 2900 umquam
629 2816 760 2880 elideret
794 2819 984 2883 vocabulum
1017 2818 1168 2883 creticum
1202 2838 1279 2883 nere

212 2940 406 3023 dactylicum
430 2941 493 3005 nisi
516 2941 549 3004 in
572 2941 661 3007 evei
683 2965 704 3007 c
727 2942 840 3005 exiens.

320 3083 352 3146 Π
384 3102 423 3147 ne
447 3082 602 3165 dactylica
634 3083 669 3147 in
704 3107 724 3148 c
746 3083 835 3147 vele
869 3084 1045 3148 desinentia
1077 3084 1281 3151 imminueret

213 3205 276 3270 nisi
298 3205 334 3269 in
357 3207 428 3271 sede
450 3206 555 3289 prima
576 3207 627 3270 vel
651 3207 762 3289 quinta
786 3226 863 3272 neve
885 3209 1044 3290 praeterea
1067 3208 1223 3291 dactylica
1245 3209 1280 3274 in

214 3353 235 3395 a
258 3330 403 3394 exeuntia
425 3330 488 3393 nisi
513 3332 661 3412 sequente
685 3338 711 3396 el
734 3331 783 3394 vel
806 3355 836 3396 n.

320 3472 371 3557 III
404 3492 443 3536 ne
468 3491 617 3555 umquam
641 3472 771 3538 elideret
798 3475 946 3556 sequente
968 3474 1058 3538 brevi
1081 3476 1203 3557 syllaba
1225 3495 1280 3541 ve-

212 3597 363 3661 nabulum
385 3596 558 3662 iambicum
581 3598 637 3661 aut
659 3597 917 3679 pyrrhichiacum
940 3598 973 3661 in
998 3621 1029 3663 m
1051 3598 1205 3663 desinens.

320 3739 366 3802 IV
400 3740 437 3803 ut
459 3738 619 3803 rarissime
642 3738 773 3803 elideret
794 3739 1015 3822 pyrrhichiaca
1038 3741 1072 3805 in
1095 3765 1115 3807 a
1138 3740 1282 3806 cadentia

212 3862 309 3945 idque
331 3861 473 3927 nonnisi
495 3861 616 3927 insede
639 3862 742 3945 prima
758 3865 790 3928 et
813 3866 960 3947 sequente
982 3873 1011 3931 et
1024 3864 1075 3929 vel
1098 3890 1173 3933 α·-
1188 3884 1282 3948 pyrre

213 3984 358 4051 bichiaca
380 3986 501 4051 vocales
524 3987 634 4051 finales
660 4007 688 4064 o,
711 3990 734 4067 c',
757 4009 773 4053 e
806 3989 989 4071 praebentia
1022 4007 1196 4073 numquam
1219 3988 1284 4053 im·

212 4110 332 4176 minuit
354 4111 489 4195 exceptis
518 4112 584 4177 illis
608 4112 737 4178 vocibus
761 4131 822 4177 usu
844 4112 1032 4179 tritissimis,
