3066 4916
668 347 889 411 ..85-

235 560 317 605 eum
350 538 531 603 firmissimo
567 540 698 603 accentu
733 540 891 624 sequentis
925 541 1182 624 penthemimeris
1217 542 1312 624 plane

239 664 306 728 fere
329 663 502 743 evanescat,
527 661 690 726 deficiente
712 662 978 744 hephihemimeri
1012 665 1049 728 ad
1078 665 1312 748 producendam

242 787 381 852 vocalem
402 788 416 852 e‘
437 785 568 851 minime
592 786 720 850 sufficit.

349 910 422 974 Jem
454 909 561 991 restet,
598 911 635 973 ut
669 910 866 994 inquiramus
889 911 924 975 in
947 912 1088 995 singulos
1111 912 1218 977 libros,
1265 913 1313 976 De

237 1053 307 1117 -qua
321 1052 354 1096 re
371 1052 449 1116 qnae
472 1032 656 1116 invenerim,
683 1033 731 1098 vel
747 1034 865 1116 optime
889 1037 1019 1118 apparet
1040 1054 1076 1100 er
1091 1036 1214 1118 tabulas
1234 1055 1313 1119 quae
1385 1049 1386 1052 ’

243 1157 403 1240 sequitur:

350 1279 510 1343 voeabula
532 1281 586 1345 ubi
608 1282 652 1345 ibi
674 1282 752 1346 midi
774 1282 832 1344 ete.
857 1300 920 1344 nen
946 1281 1118 1346 imminuta
1146 1281 1313 1347 inveniun-

235 1405 297 1468 *tur
321 1402 356 1465 in

329 1720 398 1774 libro
503 1723 627 1790 correpta
645 1721 749 1775 finalie'
778 1720 910 1791 producta
925 1721 1030 1774 finalie‘
1074 1720 1153 1790 prod:
1173 1738 1284 1774 cern:

354 1985 369 2039 I
608 1987 644 2040 40

347 2126 378 2179 ΙΙ
609 2130 642 2181 21

609 2271 644 2322 22

340 2409 381 2463 lv
609 2412 645 2465 40

352 2552 377 2608 V
610 2552 645 2606 34

344 2692 384 2747 VI
610 2695 646 2748 24

336 2833 393 2888 VII
610 2835 645 2888 41

325 2974 396 3029 VIII
613 2977 646 3029 19

309 3238 418 3293 Summa
600 3242 651 3294 241
885 3239 920 3293 52

347 3490 420 3553 Jam
442 3490 637 3554 transeamus
661 3491 701 3554 ad
723 3490 876 3555 voeabula
898 3489 933 3553 in
957 3509 973 3554 0
996 3487 1181 3552 desinentia.

350 3612 505 3680 Omnibus
544 3614 621 3679 loeis
656 3613 746 3678 finali
779 3614 922 3696 correpte
956 3612 1151 3694 usurpentur
1184 3609 1313 3674 voculae

237 3737 335 3802 -mdde
358 3738 390 3800 et
413 3740 471 3820 eyd
494 3755 557 3801 uno
580 3737 708 3821 quidem
730 3738 797 3801 loeo
814 3737 941 3817 excepte
962 3734 1048 3799 VIH.
1071 3734 1141 3799 158.
1166 3735 1221 3799 sed
1235 3733 1313 3816 qnid

237 3857 297 3943 eqd
317 3858 322 3943 1
343 3881 527 3942 quemquam
558 3860 744 3944 immeritis}
788 3879 850 3942 eqn.
886 3859 922 3923 L.
958 3857 1131 3922 Muellerus
1143 3857 1168 3939 ¹)
1203 3856 1313 3920 littera

351 4140 377 4208 1)
396 4140 431 4194 ef.
450 4140 468 4195 l.
487 4141 505 4195 l.
524 4158 587 4210 pag.
606 4140 667 4196 334.
