3066 4916
661 1301 802 1405 (loput
829 1303 913 1387 ΙΙΙ.

463 1535 518 1598 De
544 1533 744 1599 clausulis
771 1535 1098 1599 hexametrorum.

353 1833 460 1899 Priore
492 1834 594 1915 capite
624 1833 764 1897 vidimus
789 1835 896 1916 poetas
919 1854 1067 1899 uersuum
1086 1834 1186 1899 exitus
1210 1834 1324 1899 elisio*

246 1959 340 2022 nibus
376 1957 543 2039 praecipue
578 1957 803 2039 producturum
842 1959 874 2021 et
910 1957 1086 2021 mediarum
1121 1958 1315 2041 syllabarum

246 2082 340 2146 duros
376 2082 407 2144 et
441 2099 550 2162 graves
579 2080 680 2144 facere
703 2080 793 2144 ualde
817 2100 883 2144 esse
905 2081 1031 2145 veritos.
1090 2080 1173 2159 Quid
1196 2080 1315 2144 mirum

246 2205 347 2287 igitur
369 2204 451 2287 quod
475 2204 552 2267 item
575 2203 664 2267 enixe
687 2203 899 2284 elaborabant,
928 2224 967 2267 ne
990 2203 1022 2268 in
1047 2204 1109 2267 fine
1132 2224 1240 2269 versus
1263 2223 1322 2268 ac·-

246 2329 355 2392 centus
379 2346 581 2392 numerorum
604 2329 635 2391 et
658 2327 825 2392 verborum
848 2327 931 2393 inter
953 2347 985 2391 se
1005 2327 1228 2409 discreparent,
1253 2347 1321 2410 quo

246 2452 313 2516 siue
346 2450 442 2514 dubio
473 2469 580 2515 versus
604 2470 667 2514 non
690 2450 796 2515 minus
819 2451 945 2516 molesti
968 2451 1050 2515 fiunt
1074 2452 1105 2514 et
1128 2450 1209 2515 duri.
1255 2451 1321 2515 Ni·-

246 2576 313 2640 hilo
344 2575 445 2639 secius
475 2576 581 2641 autem
604 2593 716 2657 magna
743 2576 848 2639 exorta
871 2576 920 2638 est
942 2574 1100 2639 contentio
1123 2574 1207 2638 inter
1229 2574 1320 2639 viros

247 2699 362 2780 doctos,
388 2718 522 2781 quorum
545 2698 637 2762 alteri
661 2699 910 2764 convenientiam
932 2698 1022 2761 illam
1039 2700 1225 2763 accentuum
1240 2718 1321 2764 con--

247 2823 329 2887 sulto
354 2842 372 2885 a
394 2823 495 2905 poetis
519 2824 683 2904 servatam,
708 2821 800 2886 alteri
824 2822 910 2887 casui
933 2821 1136 2886 tribuendam
1158 2841 1225 2886 esse
1240 2841 1313 2887 con-

246 2944 389 3010 tendunt.
423 2945 543 3009 Ex‘his
567 2947 615 3009 est
638 2944 829 3009 Wilhelmus
845 2945 1066 3029 eorssenius1)
1090 2946 1140 3009 vir
1162 2945 1217 3009 ille
1240 2945 1318 3009 doo-

245 3069 399 3150 tissimus,
425 3069 513 3132 ouius
537 3068 692 3132 iudicium
715 3068 882 3150 praecipue
906 3069 943 3133 de
967 3069 1122 3133 eiusmodi
1145 3069 1247 3149 rebus,
1271 3066 1312 3154 {in

245 3193 430 3256 universum
454 3192 656 3256 sanissimum
679 3194 710 3256 et
732 3193 841 3274 magni
863 3192 1093 3257 aestimandum
1118 3194 1174 3256 est.
1214 3190 1318 3274 Atqui

354 3474 380 3540 1)
401 3474 434 3527 cf.
454 3473 473 3527 r.
491 3474 510 3528 r.
530 3473 685 3542 v01.11.p.
705 3472 849 3527 040ιο00.
886 3472 928 3526 Ao
948 3474 1005 3528 erus
1024 3447 1147 3544 paruus
1163 3476 1249 3528 stane:
1268 3474 1312 3527 n.

245 3582 380 3634 Rittorus:
399 3580 486 3634 Elem.
512 3579 593 3648 prout
616 3579 680 3635 Lat.
700 3579 762 3632 libri
780 3578 842 3632 deco.
861 3596 924 3648 pag.
944 3579 986 3633 62.
1006 3595 1061 3649 eqs.
1080 3579 1228 3632 Bcekhius:
1250 3579 1317 3631 Moe

244 3685 359 3740 october.
389 3684 437 3737 cler
454 3685 602 3738 Aludcror‘c
630 3685 677 3738 der
708 3681 936 3747 Wiseeocchufteo
956 3700 991 3736 aa
1009 3684 1113 3739 Berlin.
1160 3683 1231 3738 1854
1248 3701 1315 3754 pag,

245 3791 307 3846 270.
335 3809 389 3862 oqs.
436 3791 537 3845 Contra
564 3791 734 3846 Corssenium
757 3791 976 3860 disputaverunt:
1003 3790 1157 3844 Bentleius:
1186 3789 1218 3842 de
1238 3794 1317 3843 mare

247 3897 305 3952 Ter.
324 3914 351 3966 p.
370 3896 405 3950 50
423 3915 477 3966 eqs
497 3897 679 3951 Hermannus:
706 3897 778 3950 clem.
797 3896 880 3950 doctr.
899 3900 972 3949 metr.
991 3913 1018 3965 p.
1037 3895 1097 3949 141.
1133 3895 1316 3949 Ritschelius:

243 4005 436 4073 I'rulepomeoo
455 4022 513 4074 cap.
531 4005 590 4060 XV.
