3066 4916
344 1207 424 1281 Cum
451 1216 487 1280 in
513 1214 547 1282 0.
578 1216 685 1282 Valeri
714 1216 821 1282 Flacci
849 1214 1134 1299 Argonauticorum
1164 1208 1301 1280 carmine

227 1320 426 1405 recensendo
449 1340 481 1404 et
497 1338 680 1423 explicando
702 1338 872 1423 praecipua
893 1337 1004 1405 aviris
1027 1338 1128 1405 doctis
1151 1337 1302 1405 collocata

225 1466 320 1530 esset
342 1482 444 1547 opera,
480 1464 574 1529 utin
596 1462 749 1548 poematis
772 1461 906 1528 formam
929 1461 1105 1529 accuratius
1127 1461 1301 1547 inquirere-

232 1588 292 1652 tur
313 1585 378 1652 iam
401 1585 522 1652 dudum
544 1585 789 1652 desiderabatur.
828 1585 930 1666 Quam
951 1604 1019 1652 rem
1040 1587 1079 1651 ut
1107 1584 1300 1670 aggrederer,

234 1708 406 1793 praeterito
441 1727 522 1775 enno
560 1707 749 1792 amplissimi
781 1708 1043 1793 philosophorum
1075 1708 1110 1775 in
1144 1708 1303 1776 academia

234 1831 321 1898 alma
342 1832 582 1899 Monaeteriensi
604 1832 724 1898 ordinis
746 1832 889 1916 impulsu
911 1832 1066 1901 adductus
1096 1851 1176 1916 sum,
1194 1851 1299 1917 eaque,

227 1973 316 2040 ‘quae
342 1954 542 2040 investigavi,
578 1975 651 2021 cum
684 1955 823 2040 praemio
856 1956 1018 2041 proposito
1051 1955 1138 2023 haud
1170 1955 1301 2040 indigna

228 2078 420 2145 viderentur
453 2099 528 2163 esse,
561 2081 600 2146 ut
632 2079 667 2145 in
703 2079 844 2146 medium
866 2079 1039 2164 proferrem
1071 2080 1207 2165 benigne
1229 2099 1300 2165 per-

231 2200 370 2268 missum
403 2201 486 2268 mihi
518 2205 575 2269 est.
611 2240 653 2250 -
687 2204 916 2288 Disputaturus
949 2203 1051 2289 igitur
1083 2203 1122 2271 de
1152 2204 1300 2270 carminis

228 2323 398 2391 'Valeriani
419 2325 596 2392 rationibus
629 2325 770 2392 metricis
805 2328 837 2391 et
869 2326 1062 2410 prosodiacis
1085 2326 1301 2411 quaestionem

231 2447 284 2514 ita
305 2448 482 2533 instituam,
506 2451 544 2516 ut
565 2449 668 2534 primo
691 2449 872 2534 inquiratur

397 2572 431 2638 in
454 2591 503 2639 res
525 2572 681 2657 metricas,

396 2699 468 2762 tum
490 2696 525 2761 in
547 2715 597 2763 res
619 2697 827 2781 prosodiacas.

203 2886 205 2891 .
341 2820 382 2885 In
413 2819 471 2886 illa
500 2839 609 2887 rursus
633 2821 829 2904 distinguam
852 2822 1002 2903 quattuor
1026 2820 1141 2903 partes,
1165 2836 1302 2901 quarum

228 2941 356 3027 agitur:
671 2928 673 2931 ¹

447 3065 472 3131 1.
498 3065 536 3132 de
559 3067 705 3149 caesuris,

431 3188 473 3255 Π.
498 3188 537 3255 de
560 3188 754 3273 elisionibus,

416 3311 475 3378 111.
499 3312 537 3378 de
560 3313 711 3379 clausulis
733 3313 995 3395 hexametrorum,

420 3435 473 3503 IV.
499 3436 538 3501 de
559 3454 621 3502 usu
644 3455 679 3503 ac
701 3436 823 3502 ratione
845 3435 1071 3502 vocabulorum
1093 3436 1225 3525 atonem

226 3557 268 3623 in
291 3557 391 3625 altera
412 3560 486 3643 tres,
509 3578 644 3643 quarum
666 3560 785 3646 egitur:
1079 3620 1081 3623 ,

445 3682 471 3749 Ι.
496 3683 535 3750 de
584 3684 760 3769 quantitate
808 3683 975 3767 vocalium,
1025 3701 1104 3769 quae
1151 3684 1226 3748 sunt
1262 3682 1298 3746 in

499 3806 612 3873 mediis
635 3807 775 3893 vocibus,

434 3930 476 3996 Π.
501 3930 539 4025 de
561 3930 740 4015 quantitate
761 3930 919 3998 vocalium
941 3929 1095 4013 finalium,

418 4054 477 4120 III.
502 4055 541 4120 de
562 4053 726 4139 positione.
