3066 4916
641 359 860 420 ..91-

215 551 397 615 ductionem
432 551 629 615 admiserunt
640 552 678 634 ¹).
732 551 812 616 Cum
848 550 885 615 dc
920 570 982 615 usu
1019 551 1188 634 epicorum,
1227 552 1284 635 qui

214 675 318 757 primo
352 676 425 756 post
447 675 629 757 Augustum
653 675 775 739 saeculo
800 674 1004 757 scripserunt,
1029 674 1168 756 quaestio
1191 693 1282 739 accu-

215 801 286 863 rata
307 819 371 863 non
394 772 543 863 instituta
566 818 633 863 esse
655 798 809 880 videatur,
834 798 980 881 equidem
1000 798 1084 881 leges
1100 798 1282 863 Valerianus

216 922 255 986 ad
278 923 465 1006 positionem
490 922 626 986 debilem
648 922 842 1004 pertinentes
865 921 960 1005 paulo
984 921 1170 1005 diligentius
1205 942 1282 987 enu-

217 1047 317 1110 cleare
348 1049 478 1111 conatus
502 1066 582 1126 sum,
607 1047 691 1130 quod
714 1044 844 1111 minime
868 1066 1134 1129 supervacaneum
1157 1047 1283 1112 videtur

216 1189 291 1253 esse,
316 1190 388 1234 curn
413 1170 450 1234 de
473 1170 530 1233 illa
553 1190 586 1233 re
609 1169 695 1234 haud
729 1170 821 1253 plane
856 1171 941 1235 clara
970 1173 1002 1235 et
1025 1171 1176 1235 distIncta
1199 1174 1282 1236 recte

215 1293 356 1358 iudicare
390 1314 453 1358 non
487 1294 654 1376 possimus,
691 1293 755 1358 nisi
789 1294 824 1356 in
859 1294 1058 1377 singulorum
1093 1294 1283 1376 scriptorum

216 1437 310 1482 usum
333 1437 427 1500 quum
451 1418 686 1484 accuratissime
708 1419 1006 1501 inquisiverimusd

324 1566 392 1645 Quo
416 1570 522 1633 autern
544 1569 668 1650 melius,
694 1588 772 1651 quae
795 1568 992 1651 investigavi,
1020 1569 1282 1652 perspicerentur,

216 1693 359 1758 tabulam
382 1712 566 1775 componere
589 1692 669 1756 mihi
692 1692 796 1756 visum
820 1694 877 1773 est,
903 1692 993 1756 cuius
1009 1693 1113 1775 prima
1127 1692 1284 1775 particula

217 1817 359 1899 singulae
392 1818 499 1880 mutae
534 1835 606 1880 cum
641 1816 776 1899 singulis
811 1816 951 1899 liquidis,
988 1836 1064 1899 quas
1100 1817 1282 1881 coniunctas

215 1940 331 2022 inveni,
354 1940 542 2020 afferuntur3
560 1941 667 2022 altera,
690 1939 811 2022 quoties
829 1940 971 2022 singulae
986 1940 1060 2004 illae
1075 1959 1284 2004 consonarum

216 2063 451 2128 coniunctiones
463 2063 675 2144 inveniantur,
699 2049 803 2144 tertia,
829 2064 951 2147 quoties
974 2064 1089 2146 positio
1106 2064 1281 2144 omittatur,

217 2190 337 2270 quarta,
356 2187 479 2271 quoties
492 2187 657 2269 efficiatur,
675 2187 871 2269 ostenditur;
885 2188 995 2270 quinta
1011 2187 1145 2270 denique
1160 2187 1284 2252 numeri

216 2310 400 2392 afferuntur,
427 2311 482 2394 qui
506 2311 773 2377 dicunturmedii.
812 2311 909 2376 Porro
926 2313 1040 2392 autem,
1059 2313 1096 2375 ut
1111 2311 1146 2375 id
1161 2329 1283 2395 quoque

217 2434 317 2516 magis
342 2434 385 2498 sit
408 2434 622 2517 perspicuum,
657 2435 691 2499 iu
714 2437 800 2499 sexta
823 2438 854 2500 et
878 2435 1012 2518 septima
1045 2434 1170 2499 tabulae
1195 2437 1284 2516 parte
1360 2447 1361 2451 ’

216 2576 377 2639 exponam,
414 2558 536 2641 quottes
570 2558 605 2620 in
628 2558 712 2622 thesi
746 2561 778 2623 et
801 2559 922 2641 quoties
957 2559 991 2622 in
1021 2558 1085 2622 arsi
1118 2558 1283 2640 productio

216 2680 332 2744 vocalis
358 2680 494 2745 admissa
513 2680 569 2763 sit,
604 2681 694 2746 cuius
720 2682 766 2746 rei
800 2682 924 2747 numeri
946 2682 1043 2746 medii
1078 2681 1285 2745 inveniuntur

215 2802 250 2867 in
273 2803 388 2867 ultima
410 2805 509 2885 parte.

322 2957 361 3019 In
374 2957 522 3038 exemplis
546 2957 722 3039 laudandis,
748 2978 786 3022 ne
807 2959 921 3041 longus
944 2958 1027 3039 fiam,
1052 2958 1142 3021 nulla
1156 2957 1284 3021 afferam

216 3078 280 3141 nisi
304 3098 347 3160 ea,
373 3099 451 3162 quae
474 3083 602 3163 propter
635 3074 828 3163 paucitatem
860 3082 1013 3146 inusitata
1036 3082 1184 3145 videntur
1207 3101 1281 3145 esse.

325 3229 415 3292 Muta
438 3248 510 3293 cum
533 3230 655 3313 liquido
681 3233 719 3294 tr
743 3231 824 3313 apud
853 3231 1015 3296 Valerium
1043 3230 1166 3295 l30-ies
1199 3230 1283 3312 posi-

217 3351 336 3416 tionem
359 3371 421 3416 uon
445 3353 552 3435 efficit,
588 3353 761 3436 quocontra
793 3354 910 3419 vocalis
945 3354 1127 3418 antecedens
1162 3353 1197 3418 in
1220 3353 1284 3418 arsi

215 3474 404 3556 producitur
426 3477 542 3558 41-111,
567 3478 602 3541 in
624 3477 708 3542 thesi
732 3479 815 3544 6-ies
837 3479 958 3543 scilicet
973 3479 1023 3543 his
1039 3479 1132 3542 locis:
1156 3479 1182 3543 I.
1207 3479 1282 3542 119.

216 3599 253 3664 V.
279 3601 353 3665 275.
393 3600 446 3665 VI.
477 3601 552 3666 404.
587 3604 750 3685 utrimque.
790 3603 876 3668 VIII.
913 3605 965 3668 64.
1000 3610 1114 3667 utram.
1154 3603 1180 3666 I.
1207 3605 1268 3666 lul
1304 3657 1306 3663 .

215 3722 285 3786 VII.
311 3723 386 3788 550.
409 3730 495 3805 patr.
522 3774 529 3788 .
556 3774 563 3788 .

210 3914 428 3926 o—ae——a-—-

323 4037 349 4102 1)
372 4037 405 4092 cf.
425 4038 535 4094 ibidem.

321 4143 349 4209 2)
369 4143 403 4195 cf.
423 4143 547 4198 Corsseni
565 4144 584 4198 l.
603 4144 621 4200 1,
640 4163 667 4214 p.
686 4146 747 4200 616.
