3066 4916
647 333 868 397 ..95-

223 562 370 628 sitionem
404 562 552 643 efficiant,
588 581 683 644 quam
716 581 755 625 ne
788 561 921 626 Plautus
935 562 962 644 ²)
986 560 1114 644 quidem
1143 559 1291 642 neglexit,

219 704 316 768 quem
349 684 422 748 eliis
456 684 533 749 locis
567 703 739 767 numquam
774 686 922 767 sequente
956 685 1046 749 muta
1074 703 1146 748 cum
1168 682 1293 766 liquida

219 809 360 872 vocalem
393 808 577 889 produxisse
612 809 890 872 commemoratum
923 808 987 872 iarn
1021 810 1077 872 est.
1125 807 1227 886 Quam
1250 806 1291 870 ob

221 952 288 996 rem
311 933 373 996 tale
405 932 578 1016 quidquam
601 932 635 996 in
657 933 800 997 tabulam
822 951 885 996 non
912 915 1095 1014 recepimus,
1120 930 1291 1013 eademque

218 1056 260 1119 de
283 1075 376 1120 causa
407 1056 500 1121 omisi
530 1075 679 1121 consonae
707 1054 755 1133 dl,
779 1055 831 1133 br,
856 1055 900 1120 dr
922 1055 956 1118 in
979 1054 1083 1118 verbis
1107 1052 1290 1136 compositis

218 1182 376 1244 coeuntes.

327 1303 410 1368 Ante
426 1320 468 1368 cn
485 1305 581 1368 semel
607 1304 745 1387 neglexit
767 1304 956 1387 positionem
971 1301 1115 1367 Valerius
1138 1301 1171 1365 in
1192 1303 1291 1367 Gree-

218 1446 257 1490 eo
281 1425 407 1509 quidem
430 1427 581 1492 vocabulo
608 1428 783 1494 Procnesos
805 1428 863 1493 III.
889 1430 941 1492 34.

328 1550 413 1614 Haec
447 1551 547 1633 igitur
581 1552 619 1615 de
653 1571 714 1616 usu
737 1551 903 1634 positionis
927 1550 1040 1616 debilis
1063 1549 1229 1614 Valeriano
1252 1569 1290 1614 ex

221 1673 272 1754 iis,
308 1692 387 1756 quae
422 1674 568 1756 diximus,
605 1675 781 1759 colligenda
816 1678 907 1740 sunt:
941 1676 966 1739 I.
992 1674 1135 1740 Valerius
1158 1674 1290 1739 minime

221 1798 342 1862 veritus
355 1799 411 1879 est,
436 1800 557 1864 vocales
582 1803 730 1883 sequente
752 1803 842 1865 muta
862 1819 934 1864 cum
956 1799 1079 1883 liquida
1099 1796 1288 1882 producere3

218 1921 299 2004 quin
332 1920 428 1986 etiam
460 1922 626 2004 productio
654 1925 748 2007 paulo
772 1925 895 2007 saepius
918 1923 1079 1988 invenitur
1102 1941 1196 2006 quem
1219 1941 1289 1987 cor-

219 2045 321 2129 reptio
355 2047 395 2109 Π.
432 2046 522 2125 Quod
556 2047 596 2111 ad
628 2048 769 2131 singulas
793 2049 908 2113 attinet
931 2066 1080 2111 consonas
1105 2046 1288 2111 coniunctas

215 2171 358 2235 vocalem
392 2170 628 2253 praecedentem
661 2171 832 2254 producere
854 2170 969 2236 maluit
991 2169 1039 2234 in:
1063 2168 1139 2249 thr,
1163 2169 1218 2250 dr,
1242 2168 1288 2250 cl,

216 2311 273 2373 gr,
297 2294 356 2372 br3
379 2313 492 2377 aequos
515 2294 579 2359 fere
599 2295 816 2377 productionis
840 2296 872 2360 et
895 2292 1100 2375 correptionis
1122 2293 1201 2357 fines
1225 2292 1288 2357 sibi

218 2418 383 2502 proposuit
417 2419 470 2483 in:
506 2417 555 2500 pl,
580 2436 630 2498 cr,
655 2436 714 2501 pr3
747 2419 902 2503 corripere
931 2417 1046 2483 melu't
1068 2417 1102 2480 in
1125 2417 1288 2481 consonis:

218 2542 267 2607 tr.
292 2541 339 2607 fr.
385 2544 443 2607 III.
468 2542 711 2608 Productionem
745 2543 780 2608 in
815 2544 878 2608 arsi
911 2545 1002 2626 poeta
1035 2541 1137 2605 multo
1162 2541 1288 2623 saepius

216 2665 348 2731 admisit
370 2686 464 2749 quam
486 2667 521 2731 in
542 2667 636 2732 thesi.

326 2791 426 2870 Quem
448 2791 482 2855 in
505 2790 556 2855 his
580 2793 674 2856 rebus
698 2793 824 2856 secutus
847 2790 891 2856 sit
912 2788 1056 2855 Valerius
1081 2787 1178 2869 doleo,
1203 2787 1288 2871 quod

218 2913 377 2996 inquirere
415 2934 478 2979 non
512 2930 649 2997 possum,
690 2933 762 2978 cum
801 2915 976 2978 ceterorum
999 2911 1158 2994 epicorum
1190 2909 1286 2993 leges,

217 3038 373 3116 quantum
395 3036 471 3118 vidi,
496 3055 563 3123 non·
583 3036 659 3100 satis
683 3037 827 3100 accurate
850 3035 1104 3117 circumscriptae
1128 3034 1201 3098 sint.

326 3246 353 3312 2)
373 3246 407 3301 cf.
426 3245 548 3302 Corsson.
567 3247 586 3300 l.
604 3248 624 3301 l.
642 3246 695 3301 rol.
714 3246 754 3301 II.
773 3247 833 3301 ele.

498 3573 1005 3606 -Φῡθ-Φθᾶθῦνη

324 3866 410 3931 Haec
445 3867 528 3946 sunt,
571 3884 650 3948 quae
691 3864 910 3949 investigando
951 3864 1076 3948 repperi
1114 3863 1152 3929 de
1190 3866 1286 3930 rebus

217 3986 357 4051 metricis
392 3989 486 4071 atque
508 3988 700 4069 prosodiacis
727 3988 835 4054 Valeri
867 3987 982 4053 Flacci.
1029 3988 1076 4053 Ex
1102 3989 1286 4071 quaestione

215 4129 287 4175 mea
320 4114 458 4194 apparet,
494 4112 657 4178 Valerium
691 4115 728 4178 ut
761 4113 801 4177 ad
824 4113 1012 4179 Ovidianam
1038 4112 1228 4196 elegantiam
1252 4133 1286 4178 se
