3066 4916
262 568 331 633 fieri
354 560 479 651 peterat
501 569 708 651 congruentes
731 557 869 632 facerent
878 568 905 651 ¹)
929 566 1108 649 studebant,
1143 569 1249 632 tamen
1271 567 1332 632 ha-

261 709 335 756 rum
356 690 479 756 nullam
501 690 662 755 habebant
676 660 840 772 rationem,
858 691 886 755 si
907 691 948 756 iis
964 709 1109 757 caesurae
1131 692 1232 757 metm
1256 710 1332 775 pro·

261 815 349 899 priaa
372 814 630 883 subdurabantnr
663 816 720 879 aut
749 814 1026 898 perturbabantur.
1074 811 1330 891 Quamobrem

260 937 327 1002 illis
350 938 501 1004 hocloco
523 936 617 1021 plane
640 938 764 1003 emissis
795 938 860 1003 iam
893 938 1003 1021 paucis
1025 957 1226 1021 exponamus,
1251 939 1331 1022 quot

260 1064 294 1127 et
316 1061 423 1147 quales
457 1061 523 1127 sint
555 1061 590 1127 in
611 1060 719 1129 Valeri
740 1061 846 1127 Flacci
878 1061 1021 1127 versibus
1055 1079 1200 1127 caesurae
1221 1060 1327 1144 metri,

260 1204 323 1268 qua
357 1205 393 1251 ex
426 1205 461 1250 re
489 1185 663 1269 apparebit,
692 1186 808 1269 quibus
832 1184 957 1268 legibus
979 1186 1072 1268 poeta
1093 1184 1128 1249 in
1151 1183 1329 1250 statuendis

260 1307 397 1375 caesuris
420 1308 561 1374 matricis
585 1328 618 1373 se
640 1307 853 1374 adstrinxerit.
981 1386 983 1389 ¹
1157 1376 1159 1379 .

366 1432 498 1525 Censtat
520 1431 663 1497 emnium
679 1450 880 1497 caesurarum
904 1431 1172 1515 elegantissimam
1195 1432 1227 1496 et
1242 1430 1328 1516 apud

260 1573 367 1620 amnes
390 1556 498 1639 pectas
520 1555 650 1628 Latinos
685 1553 928 1619 usitatissimam
951 1573 1017 1619 essa
1039 1552 1325 1636 penthemimerim,

260 1677 350 1743 cuius
375 1678 552 1762 exemplum
560 1679 587 1763 ²)
610 1679 740 1762 praebet
761 1696 870 1742 versus
893 1676 961 1743 hic:

326 1804 409 1886 qaod
431 1804 492 1869 1111
514 1805 580 1870 iam
604 1803 865 1886 11111111111661111
885 1803 921 1866 c'a
941 1801 1068 1886 1911111
1090 1800 1195 1885 Arpos
1228 1798 1258 1865 Α

366 1926 427 1993 Cui
454 1925 537 2010 qued
571 1925 687 1992 attinet
720 1925 760 1990 ad
793 1923 983 2008 elegantiam
1016 1942 1080 1989 nen
1112 1923 1215 1990 multe
1237 1924 1327 2007 pest·

259 2047 403 2132 ponenda
425 2050 473 2114 ast
494 2048 784 2133 hephthemimeris.
831 2047 893 2114 Sed
907 2067 981 2113 cum
995 2067 1104 2114 versus
1126 2067 1164 2113 ea
1189 2047 1225 2112 in
1247 2046 1326 2113 duas

258 2174 363 2256 partes
386 2172 482 2237 nimis
504 2172 683 2256 inaequales
718 2172 887 2255 dividatur,
921 2171 1047 2255 legibus
1076 2170 1249 2255 elegantias
1272 2190 1327 2238 ex·

257 2295 388 2379 petitur,
423 2297 462 2361 nt
496 2296 592 2362 simul
626 2295 710 2361 adsit
743 2295 983 2361 trithemimeris
1006 2314 1167 2361 unacum
1191 2296 1325 2380 penthe-

256 2419 383 2485 mimeri
416 2422 472 2486 ant
504 2439 578 2486 cum
610 2420 883 2503 116111111111
916 2419 1049 2486 tertium
1071 2418 1261 2486 trochaeum.
1286 2420 1323 2487 L.

256 2541 429 2608 Muellerus
453 2544 538 2609 enim
559 2543 594 2607 in
616 2543 769 2625 versibus,
794 2542 851 2627 qui
882 2543 1034 2626 praebent
1066 2543 1148 2609 hane
1171 2542 1324 2610 formam:

323 2673 389 2733 tam
410 2668 483 2735 11611
503 2668 507 2752 Ι
527 2668 692 2752 1111161111
713 2668 900 2754 1111111111
921 2674 1019 2733 rector
1041 2689 1199 2750 aquaram
1225 2665 1255 2732 B

256 2791 295 2855 ut
317 2789 414 2856 simul
448 2790 690 2875 penthemimcri
724 2792 817 2874 atque
839 2789 1106 2888 hephtlremimeri
1128 2789 1323 2872 dividantur,

257 2913 342 2978 siin
357 2912 429 2979 sede
450 2914 733 2998 hephthemimeris
749 2912 845 2977 simul
868 2914 916 2978 est
937 2913 1012 2978 finis
1035 2912 1217 2994 sententiae,
1241 2912 1324 2978 hanc
1464 2920 1467 2925 '
1519 2944 1522 2993 p

256 3015 418 3102 caesuram
450 3036 660 3121 principalem
693 3037 783 3102 illam
816 3035 1002 3101 auxiliarem
1024 3054 1090 3102 esse
1112 3036 1206 3119 putat
1227 3034 1324 3119 idque

255 3179 312 3226 sue
335 3160 420 3240 iure;
444 3179 519 3225 nam
541 3160 592 3226 vel
611 3162 730 3244 optima
752 3161 812 3226 hec
835 3159 970 3244 quadrat
991 3159 1032 3224 ad
1054 3177 1099 3241 aa,
1124 3177 1204 3243 quae
1226 3175 1323 3241 supra

254 3282 402 3365 diximus,
425 3285 533 3367 poetas
557 3303 683 3367 operam
706 3283 837 3367 dedisse,
869 3285 907 3349 ut
928 3282 1097 3348 incisiones
1119 3281 1266 3347 metricas
1289 3280 1324 3347 61

254 3407 372 3492 logicas
395 3409 602 3492 congruentes
625 3407 800 3474 redderent.
832 3408 894 3474 Sed
917 3426 952 3472 ae
967 3407 1018 3472 vir
1039 3406 1094 3472 ille
1118 3403 1322 3470 doctissimus

254 3538 374 3597 errasse
395 3529 530 3613 videtur,
554 3531 638 3615 qued
661 3530 749 3612 dicit,
775 3529 861 3597 salva
881 3530 1037 3615 elegantia
1051 3529 1087 3593 in
1108 3526 1227 3593 talibus
1250 3545 1323 3593 ver·

363 3847 390 3918 l)
407 3847 487 3903 Hanc
514 3864 571 3902 rem
589 3848 714 3918 exposuit
731 3846 888 3917 Trampius:
911 3844 956 3899 De
983 3849 1043 3899 arta
1068 3845 1182 3899 amtrica
1200 3842 1323 3900 Lacuni-
1345 3852 1349 3859 '

252 3953 325 4010 Diss.
343 3953 434 4009 Berel.
452 3952 532 4009 1884.
551 3970 577 4024 p.
597 3953 639 4007 16.
1322 3978 1327 3989 =

360 4059 390 4130 2)
409 4059 531 4131 Singulis
548 4059 644 4115 formis
662 4058 804 4114 brevitatis
823 4059 905 4127 atque
923 4057 1126 4128 perspicuitatis
1144 4072 1227 4112 causa
1244 4054 1327 4111 litte·

252 4182 345 4222 ranam
363 4165 435 4237 sigla
453 4164 572 4221 adiunxi.
