3066 4916
649 358 870 419 ..41-

221 548 432 614 inveniuntur
464 549 500 613 in
521 548 605 615 thesi
639 550 757 632 prime:
791 551 817 615 Ι.
842 551 895 615 48.
934 550 985 614 79.
1019 550 1092 615 116.
1120 548 1192 614 185.
1218 549 1294 614 325.

221 672 301 738 475.
327 674 401 738 606.
429 674 502 738 733.
531 672 603 738 785.
628 673 670 737 Π.
699 674 771 738 103.
807 674 879 738 184.
917 674 991 737 227.
1017 674 1093 738 382.
1122 672 1197 737 565.
1234 673 1294 736 III.

221 798 299 862 373.
326 797 400 860 377.
425 797 500 860 426.
537 797 611 861 487.
638 772 713 861 519.
740 797 814 861 623.
849 798 904 862 IV.
931 797 983 862 62.
1018 798 1070 862 64.
1108 796 1181 860 232.
1218 797 1294 861 233.

218 920 301 984 577.
326 921 399 985 651.
439 921 476 987 V.
503 920 577 985 231.
604 922 678 986 291.
715 921 790 985 404.
827 919 903 985 584.
940 921 1014 985 680.
1054 920 1108 986 VI.
1133 919 1185 985 36.
1218 920 1293 984 322.

218 1043 298 1108 592.
323 1043 394 1107 VII.
411 1044 464 1107 40.
482 1041 534 1108 82.
555 1044 626 1108 127.
648 1045 719 1108 166.
746 1045 819 1109 206.
845 1043 920 1108 501.
939 1045 1013 1126 609.
1038 1043 1126 1108 VIII.
1144 1044 1196 1107 41.
1215 1043 1291 1107 432.

330 1167 429 1231 Vooes
454 1165 584 1230 creticos
607 1185 781 1250 numquam
804 1166 892 1231 eiisit
907 1165 1051 1231 Valerius
1068 1185 1168 1249 neque
1183 1166 1294 1248 dacty-

219 1290 299 1354 Iiees
334 1289 462 1373 quidem
495 1286 536 1352 in·
564 1312 596 1354 m
622 1290 673 1354 vel
694 1312 711 1356 o
735 1289 921 1355 desinentes.
969 1289 1086 1355 Contra
1120 1288 1294 1372 dactylioae

221 1413 257 1478 in
279 1437 299 1478 5
323 1413 468 1478 55055755
492 1410 728 1478 imminuuntur
751 1413 829 1478 hee:
853 1414 891 1478 In
915 1414 987 1478 sede
1009 1413 1113 1497 prima
1139 1415 1195 1478 18:
1225 1412 1292 1496 11)

223 1538 298 1601 382.
332 1559 468 1620 aequore
497 1544 526 1603 et
550 1537 622 1601 792.
644 1537 761 1617 fenera
783 1546 812 1604 57
835 1539 908 1603 822.
943 1539 1065 1603 lumine
1089 1550 1117 1603 57
1149 1538 1191 1601 II.
1220 1539 1292 1603 130.

216 1663 353 1744 opmo'oo
376 1669 405 1726 57
426 1661 501 1727 586.
527 1681 663 1744 aequora
678 1668 706 1727 et
720 1662 778 1725 ΙΙΙ.
798 1662 850 1725 99.
874 1664 1011 1745 75955755
1026 1669 1053 1727 57
1069 1662 1144 1725 421.
1157 1662 1293 1740 77555755

220 1791 250 1849 57
264 1784 316 1848 IV.
336 1785 410 1849 238.
435 1784 577 1851 Pettoda
592 1791 620 1849 57
636 1788 711 1848 413.
735 1786 862 1850 vertero
885 1792 913 1850 et
929 1786 1002 1850 602.
1026 1786 1137 1851 7557775
1158 1784 1296 1851 5455555-

217 1908 334 1972 indum
358 1909 393 1972 V.
421 1909 473 1974 50.
498 1909 620 1973 7555755
636 1914 664 1972 57
679 1908 753 1971 220.
774 1909 901 1989 foedere
924 1915 952 1974 et
966 1908 1040 1973 592.
1056 1915 1181 1989 pectore
1196 1915 1224 1973 57
1237 1907 1291 1973 VI.

88 2075 90 2078 ι
222 2031 297 2095 321.
320 2032 433 2097 5577555
449 2039 476 2096 57
491 2031 565 2096 468.
586 2029 733 2097 0575757575
748 2039 776 2096 57
791 2031 860 2095 VII.
878 2030 954 2096 457.
971 2034 1077 2097 sidero
1091 2039 1120 2098 et
1134 2031 1219 2095 VIII.
1238 2032 1291 2096 50.

217 2155 328 2219 sidera
351 2161 379 2219 et
411 2156 485 2219 327.
510 2176 645 2238 aequore
668 2162 704 2219 et.
750 2155 846 2219 Porro
870 2155 904 2219 in
929 2154 1010 2219 thesi
1033 2153 1144 2238 quinto
1169 2154 1294 2219 inveni·

220 2279 320 2341 untur
344 2281 372 2341 7.
397 2278 470 2343 hee:
494 2279 519 2343 I.
547 2280 619 2343 153.
640 2280 785 2360 periculo
807 2279 960 2345 Acastum
981 2280 1023 2343 ΙΙ.
1052 2281 1123 2345 104.
1148 2280 1244 2360 effero
1266 2285 1296 2344 57

222 2402 296 2464 535.
323 2403 411 2468 teleto
434 2405 469 2468 75
490 2403 545 2467 IV.
571 2403 646 2467 699.
671 2403 765 2468 eride
789 2403 891 2468 555577
907 2404 944 2467 V.
972 2404 1044 2468 198.
1063 2404 1294 2468 nonenoeane·

215 2524 289 2589 VH.
314 2524 390 2590 557.
413 2526 525 2592 5577555
549 2533 576 2592 57
596 2525 717 2608 75558).

327 2649 469 2732 Apparet
492 2650 603 2734 igitur,
619 2649 783 2713 Valerium
806 2668 868 2713 uno
892 2650 1020 2733 quidem
1042 2651 1109 2714 loeo
1135 2649 1185 2734 [V.
1213 2649 1291 2734 198]
1330 2632 1333 2636 ⁸

219 2774 350 2855 excepto
366 2774 519 2837 vocabule
535 2773 692 2857 dactylica
715 2773 749 2836 in
772 2773 984 2839 50557555775
1007 2793 1069 2837 555
1091 2771 1291 2837 imminuisse

218 2894 284 2959 nisi
307 2898 455 2978 sequente
478 2904 505 2962 et
528 2897 579 2961 vel
601 2920 630 2962 5.
677 2897 768 2961 Libri
790 2898 831 2961 Η.
856 2916 982 2961 versum
1005 2897 1081 2961 535.
1105 2896 1226 2960 nullius
1251 2896 1291 2959 50

201 3019 301 3083 'hano
323 3039 390 3084 rem
405 3020 641 3085 diiudicandam
666 3042 732 3087 esse
748 3022 908 3104 momenti,
926 3022 1094 3106 intelliget,
1119 3021 1175 3104 qui
1198 3041 1291 3085 voee-

217 3145 333 3208 751555
363 3146 462 3226 belua,
488 3146 571 3228 quod
606 3147 645 3209 ab
680 3146 826 3211 omnibns
861 3146 1035 3210 editoribus
1070 3165 1106 3209 ex
1129 3144 1289 3209 05575575

174 3346 175 3349 ¹
218 3267 325 3332 550755
351 3268 442 3353 [5555.
464 3270 536 3355 XV]
561 3288 676 3353 magna
698 3269 760 3334 fide
783 3290 846 3334 non
869 3269 965 3353 digno
989 3271 1150 3352 receptum
1174 3269 1230 3346 est,
1254 3268 1290 3332 in

214 3392 364 3457 omnibus
399 3393 491 3458 libris
526 3393 755 3458 vetustioribus
790 3394 976 3458 ommissum
1011 3413 1076 3458 esse
1107 3392 1287 3475 respexerit.

217 3514 463 3594 0557515555
487 3518 546 3581 hoo
568 3518 637 3582 loeo
661 3518 831 3600 scripserit,
849 3537 905 3599 pro
929 3519 1013 3582 55575
1034 3515 1203 3581 0775075557
1225 3535 1290 3579 555

217 3659 309 3721 posse
331 3660 517 3723 persuasum
540 3641 621 3705 mihi
644 3643 701 3724 est,
727 3642 781 3704 sed
804 3640 864 3705 hoe
886 3642 1110 3723 propiorem,
1136 3657 1230 3721 quam
1253 3637 1291 3700 in

217 3817 431 3830 —u—--..-—

325 3939 353 4008 1)
371 3945 396 3993 et
414 3940 545 3994 7557555755
572 3939 799 4010 Eyssenhardtiue
826 3942 900 3992 reete
918 3938 1042 3992 restitnit
1060 3953 1091 3990 ex
1118 3950 1167 3988 555
1184 3928 1288 3987 etentes

213 4046 253 4101 ef.
272 4047 470 4100 emendatores
492 4043 987 4110 757557555555555717555557551.
1006 4041 1099 4112 XVII)
1117 4058 1180 4111 peg.
1199 4040 1262 4094 382.

324 4153 352 4217 2)
372 4152 532 4207 Schenklins
551 4153 672 4221 scripsit:
697 4165 810 4219 5555555
828 4149 862 4202 55
881 4149 951 4216 ipsa.
