3066 4916
641 353 863 417 ..17-

323 547 439 616 Omnes
462 547 499 614 hi
521 566 631 614 versus
654 545 819 615 formaoE
843 548 941 614 finam
963 548 1053 615 verbi
1074 548 1193 615 habent
1212 550 1286 633 post

215 672 329 760 pedem
343 672 493 758 primum,
512 691 612 757 nequo
624 672 711 737 ullus
720 672 851 755 praebet
864 671 1051 738 incisionem
1061 673 1135 757 post
1148 672 1285 738 alterum

213 798 407 864 trochaeum.
457 797 541 876 Quid
563 796 681 862 mirum
704 796 814 880 igitur,
838 797 920 880 quod
944 796 1061 879 eadem,
1086 815 1166 880 quae
1189 812 1286 881 supra

216 922 364 1005 diximus,
390 921 428 986 do
461 922 604 987 versibus
635 920 754 986 formae
781 917 837 984 Bl
873 920 914 984 ad
947 940 1054 987 omnes
1090 920 1155 986 fere
1188 921 1285 986 huius

215 1046 340 1131 generis
356 1064 465 1111 versus
487 1045 658 1128 pertinent.
689 1043 769 1107 Rom
784 1044 961 1109 accuratius
977 1043 1131 1128 explicare
1152 1045 1285 1128 longum

214 1172 273 1253 est,
298 1169 353 1236 sod
375 1169 444 1252 ipso
476 1188 587 1234 versus
611 1164 775 1232 diiudiees'.
823 1166 909 1246 Quae
938 1187 987 1233 res
1010 1186 1084 1233 cum
1104 1168 1150 1233 ita
1172 1187 1205 1233 se
1227 1168 1284 1233 ha·

213 1294 290 1359 hoat
311 1292 403 1359 raldo
425 1292 533 1374 miror,
557 1291 639 1376 quod
664 1289 862 1374 Christius1)
886 1291 1036 1356 inversu
1058 1292 1116 1357 HI.
1143 1293 1225 1357 372:

333 1409 471 1488 flamina
493 1409 674 1484 conticuere,
697 1412 776 1472 nce
796 1427 868 1472 cnm
885 1407 1016 1486 nanos
1037 1428 1162 1490 annor.

213 1531 469 1615 interpunctione
496 1533 675 1635 'commotus
709 1530 990 1596 inusitatissimam
1023 1548 1185 1594 caesuram
1213 1529 1286 1612 post

213 1657 347 1722 tertium
382 1656 566 1721 trochaeum
600 1656 738 1721 statuere
772 1656 860 1739 vult,
894 1674 957 1739 quo
991 1653 1155 1738 elegenda,
1190 1671 1285 1737 quam

214 1782 307 1864 poeta
329 1779 597 1863 hephthemimeri
613 1780 726 1863 effecit,
750 1780 844 1863 plano
867 1779 1009 1861 deletum
1031 1797 1106 1843 nam
1128 1777 1180 1843 vol
1202 1776 1285 1861 opti-

108 1918 112 1925 ’
212 1924 265 1969 me
288 1902 441 1969 formali
464 1903 561 1968 maris
585 1903 801 1988 tranquillitas
825 1901 1018 1986 depingitur.

326 2019 432 2084 Solam
466 2018 776 2101 hephthemimerim,
807 2018 888 2102 quod
914 2018 1040 2082 schema
1063 2015 1092 2082 P
1115 2015 1283 2100 assignari

217 2134 370 2218 praebent
383 2152 501 2198 *versus
524 2133 573 2197 hi:

243 2249 261 2313 I
287 2252 347 2315 161
372 2252 488 2331 occipit
509 2252 680 2334 onpneinm
702 2248 874 2315 Aesonides
895 2249 1052 2332 tonusque
1073 2246 1201 2330 auperti

282 2374 348 2438 488
371 2373 477 2439 intulit
499 2374 623 2439 ardenti
644 2373 818 2439 Aesonides
839 2373 1015 2439 retinocnio
1034 2372 1121 2453 ferro

212 2497 265 2561 111
288 2500 354 2563 600
375 2504 467 2583 proto
490 2498 669 2563 rudimento
676 2521 685 2576 ,·
707 2497 860 2564 Herenieo
882 2498 939 2563 enh
962 2499 1086 2563 nomine
1103 2496 1241 2578 pendent

213 2622 261 2688 VJ
282 2622 348 2688 587
372 2628 445 2687 inne
467 2622 517 2687 his
537 2644 722 2707 permenam
744 2624 927 2707 oppreditnr
948 2642 1003 2688 cen
1024 2623 1129 2687 neseio
1152 2622 1251 2686 dictes.

323 2745 426 2811 Simul
461 2745 648 2810 incisionem
682 2748 754 2828 post
786 2723 960 2811 secundum
990 2745 1174 2810 trochaeum
1197 2743 1285 2809 erhi-

215 2861 294 2926 hent
315 2860 368 2924 hi:

242 2975 261 3039 I
284 2976 349 3040 388
373 2974 547 3059 Nelideqne
568 2974 813 3060 Periclymenus,
838 2997 928 3060 qoem
945 2997 1051 3057 porco
1074 2974 1219 3040 Methone

229 3099 263 3162 Π
287 3100 352 3163 374
375 3121 438 3164 non
459 3100 538 3176 iniit,
573 3102 642 3182 ipse
663 3103 727 3166 not
750 3100 922 3184 inoipiicns
944 3107 1036 3183 atque
1057 3101 1176 3183 intepet·
1197 3099 1286 3164 netis

214 3222 261 3288 IV
282 3223 349 3288 435
371 3226 557 3308 oestipotqne
578 3230 677 3289 notem
698 3231 790 3308 otpne
812 3224 914 3289 ocnios
937 3224 1035 3289 acrore
1055 3225 1166 3288 inoncs

322 3346 402 3411 Cum
424 3347 475 3410 iili
497 3367 606 3412 versus
630 3347 722 3429 plane
746 3347 811 3411 sint
833 3346 1044 3429 vituperandi,
1057 3345 1092 3410 hi
1115 3345 1224 3428 aliqua
1250 3365 1286 3409 ex

215 3473 306 3555 parte
329 3471 562 3537 excusationem
595 3472 715 3536 habent
738 3474 771 3536 et
800 3471 1003 3556 praeoiquci)
1027 3471 1156 3555 quidem
1177 3491 1287 3536 vorsus

148 3664 152 3675 ,
212 3595 269 3685 IV.
286 3596 362 3678 435,
380 3596 437 3680 qui
459 3596 620 3678 praeterea
642 3593 829 3659 incisionem
850 3597 924 3678 post
945 3594 1077 3660 tertium
1095 3595 1286 3680 semipedem

213 3720 358 3802 quamvis
383 3719 555 3784 suhduram
578 3719 702 3784 haheat.

322 3976 350 4044 1)
370 3976 405 4031 cf.
424 3975 527 4030 Metrih
545 3976 594 4030 der
613 3974 748 4031 Grieeten
764 3976 825 4031 and
842 3976 951 4032 Bimae.
970 3977 1080 4048 Lipsiae
1091 3977 1162 4032 1874
1178 3994 1206 4048 p.
1225 3977 1285 4033 193.

319 4073 348 4139 2)
367 4072 445 4129 Idem
463 4075 518 4128 diei
535 4077 627 4144 potest
650 4073 684 4128 do
701 4092 743 4129 vv.
761 4074 811 4131 IV.
832 4075 892 4132 151.
912 4075 1053 4130 2011410.
1073 4075 1135 4132 593.
1171 4074 1204 4131 V.
1224 4073 1288 4129 135·

211 4169 265 4227 Ἦ.
283 4169 345 4243 599,
364 4188 432 4243 quos
450 4172 554 4227 formae
572 4171 598 4226 Ι)
618 4174 743 4243 signatae
762 4173 885 4228 attribui.
1049 4222 1052 4225 Α
1079 4244 1101 4308 2
