3066 4916
649 297 870 362 -76-

226 506 289 551 11311
322 488 423 571 magis
458 488 547 553 illam
580 490 683 572 legem
717 490 970 570 observaverunt,
1010 490 1150 572 exempla
1183 489 1293 554 afferre

227 611 421 692 supersedeo,

331 734 474 817 Denique
496 736 534 798 ut
550 753 628 817 quae
645 733 781 800 diximus
797 734 906 817 paucis
923 735 1119 818 colligamus,
1146 736 1292 819 frequen·

226 857 272 921 tia
295 859 327 921 et
349 876 478 922 numero
501 877 658 939 versuum,
695 859 750 941 qui
773 877 863 922 voces
896 861 1003 923 3131133
1037 859 1070 922 111
1094 859 1217 923 arsibus
1241 878 1293 923 31-

226 980 364 1062 hibeant,
389 981 534 1045 Valerius
559 981 741 1046 simillimus
765 983 814 1046 est
836 981 966 1065 Vergili,
996 1001 1090 1065 quem
1112 982 1176 1046 talc
1198 982 1292 1065 quid-

226 1121 321 1186 quam
345 1103 526 1186 saepissime
549 1104 612 1167 sibi
646 1104 835 1168 concessisse
871 1105 947 1169 satis
980 1106 1111 1170 33113131.
1158 1106 1205 1169 Ex
1226 1104 1292 1168 illis

226 1227 341 1309 autem,
378 1246 456 1310 quae
491 1247 586 1310 supra
619 1228 716 1292 311313
750 1228 834 1309 sunt,
870 1228 1020 1311 exemplis
1056 1229 1132 1293 satis
1164 1230 1293 1311 apparet

226 1350 351 1414 nullum
383 1351 508 1432 poetam
540 1351 609 1434 lege
632 1351 690 1416 1113
713 1351 947 1434 elegantissima
964 1352 1029 1416 tarn
1053 1371 1158 1417 severe
1182 1371 1214 1416 se
1237 1352 1292 1415 ad-

227 1473 389 1538 strinxisse
413 1493 506 1557 quarn
529 1474 699 1538 Valerium.
747 1475 848 1539 Immo
871 1495 943 1540 vero
972 1476 1116 1559 equidem
1140 1476 1292 1540 contendo

226 1597 403 1679 Vergilium
433 1599 465 1661 et
487 1596 636 1664 Ovidium
671 1598 825 1663 rationem
858 1598 948 1662 illam
982 1599 1075 1681 plane
1108 1598 1290 1681 neglexisse.

226 1720 317 1799 Quod
352 1723 457 1785 autem
494 1721 528 1784 in
562 1740 624 1785 usu
661 1721 930 1804 praepositionum
964 1723 1099 1806 quadam
1133 1742 1170 1786 ex
1203 1724 1293 1804 parte

226 1845 380 1908 cautiores
404 1844 541 1924 fuerunt,
566 1844 697 1908 minime
720 1844 760 1908 ad
776 1845 874 1926 illam,
902 1846 940 1908 de
957 1866 1018 1928 qua
1034 1845 1291 1928 supradiximus,

226 1986 354 2032 causam
376 1967 574 2032 referendum
591 1969 648 2049 est,
673 1968 727 2031 sed
743 1987 778 2031 eo
794 1967 904 2031 fecisse
920 1967 1077 2050 videntur,
1104 1968 1186 2051 quod
1201 1987 1293 2051 prae·

226 2090 397 2173 positiones
421 2110 548 2155 caesura
570 2090 664 2155 metri
687 2111 705 2155 a
729 2090 937 2155 substantivis
968 2091 1077 2156 divelli
1111 2092 1292 2156 noluerunt.

637 2778 889 2880 appendix.

333 3045 523 3128 Priusquam
556 3044 676 3126 primae
710 3043 902 3126 quaestionis
937 3045 1061 3106 nostrae
1092 3043 1177 3125 parti
1199 3043 1294 3105 finem

227 3169 425 3250 imponamus
449 3166 721 3231 commentationis
744 3166 874 3247 Patami,
911 3185 984 3229 cum
1008 3166 1047 3229 ad
1073 3185 1140 3229 13111
1163 3185 1181 3229 3
1203 3165 1312 3230 nobis.

227 3292 395 3355 tractatam
433 3290 524 3354 valde
561 3290 725 3373 pertineat,
765 3289 957 3354 mentionem
994 3289 1094 3352 133313
1133 3289 1292 3352 debemus,

226 3414 289 3494 Qui
323 3414 374 3478 vir
405 3415 516 3479 doctus
550 3414 585 3477 111
608 3413 828 3478 dissertatione
842 3412 875 3495 ¹),
915 3432 994 3496 quae
1029 3415 1077 3477 est
1111 3415 1147 3479 de
1176 3412 1295 3478 Valerii

227 3537 340 3604 Flacci
361 3541 423 3604 3113
445 3541 642 3618 3133133133,
679 3556 774 3621 quam
797 3536 1031 3602 accuratissime
1059 3535 1181 3616 statuit,
1217 3536 1294 3619 quot

226 3662 292 3726 sint
315 3682 414 3746 quove
437 3662 504 3726 loco
527 3662 621 3744 pedes
646 3661 711 3726 sive
734 3660 884 3743 dactylici
900 3660 965 3724 sive
982 3658 1152 3741 spondiaci.
1178 3659 1293 3723 Omnes

226 3786 334 3849 autem
368 3784 492 3849 tabulas
526 3784 592 3848 eius
628 3784 803 3848 describere
837 3801 1102 3865 supervacaneum
1129 3782 1186 3845 331.
1234 3780 1295 3844 Sed

336 4102 361 4169 1)
382 4103 538 4171 Regimouti
558 4102 634 4155 1890.
