3066 4916
640 316 861 379 ,ῃ-

327 508 576 592 Praepositiones
600 507 734 593 denique
757 508 880 574 exstent
903 507 953 572 his
978 507 1021 572 22
1036 507 1130 573 locis:
1157 509 1182 574 Ι.
1210 509 1282 573 1ῖ3.

211 642 271 701 tuo
286 656 361 717 per
382 634 526 716 suspirio>
545 635 665 719 pontes!
697 633 772 698 372.
796 653 860 699 666
882 657 903 698 a
925 633 1003 699 Jove
1021 632 1142 713 fulmen
1168 631 1282 699 067666.

213 760 257 824 Π.
284 759 358 823 235.
383 759 466 824 utine
487 756 536 822 od
556 757 687 842 fuetipio
708 758 824 824 666666.
860 756 918 822 ΙΠ.
943 757 1018 823 475.
1053 764 1141 826 vocat
1161 760 1200 823 66
1221 777 1286 837 cer<

213 884 337 950 nmina
367 882 493 961 {lecton
528 880 582 945 IV.
619 880 694 946 647.
731 887 760 946 et
776 902 847 962 per
879 883 954 964 iupa
987 900 1111 946 summo
1145 883 1284 947 6666666.

218 1007 292 1071 732.
316 1006 442 1071 tandem
464 1007 503 1070 66
525 1025 585 1070 son
608 1005 700 1071 766666
723 1011 822 1069 tuero.
859 1004 896 1067 V.
921 1004 996 1068 331.
1030 1004 1124 1070 iubar
1145 1005 1196 1070 od
1211 1005 1286 1087 pla·

214 1129 314 1197 6676676
336 1127 465 1195 Phoebi.
499 1129 575 1193 471.
600 1146 690 1210 quesn
708 1150 769 1214 per
787 1128 871 1209 freto
892 1134 981 1193 tantu
998 1129 1175 1210 petendum.
1208 1128 1283 1194 478.

214 1261 244 1321 et
262 1274 347 1321 6666
363 1254 560 1321 8666666666
573 1252 723 1336 6666666.
749 1254 823 1317 674.
841 1259 914 1319 tone
930 1253 978 1318 ad
993 1274 1061 1318 meo
1077 1254 1152 1318 iura
1165 1255 1284 1319 venitis.

216 1376 292 1443 695.
316 1395 407 1459 seque
429 1378 483 1443 od
503 1398 564 1443 suo
587 1377 700 1442 766666
720 1376 856 1456 flectunt.
887 1377 940 1441 VI.
971 1378 1019 1442 13.
1044 1378 1144 1459 adque
1165 1378 1204 1441 66
1226 1397 1285 1442 suu

216 1503 351 1568 6666666
372 1522 473 1567 ormo.
504 1501 579 1564 374.
612 1500 688 1580 ferit
709 1500 762 1566 66
783 1502 902 1583 confine
917 1500 1071 1582 papillae.
1106 1500 1182 1566 478.
1206 1502 1288 1566 veuit

217 1626 267 1692 od
293 1625 459 1708 perorato
492 1625 584 1690 sedis.
620 1625 696 1688 577.
732 1626 828 1692 denen
861 1627 900 1690 66
927 1625 1060 1709 calipius
1081 1627 1173 1709 septe.
1209 1624 1284 1689 679.

218 1749 317 1815 medio
340 1749 379 1813 66
401 1769 541 1815 sermone
562 1749 695 1830 reliquit.
734 1748 806 1813 756.
840 1749 905 1814 ium
927 1751 994 1815 ium
1015 1750 1055 1814 66
1078 1749 1288 1831 9666666666

212 1879 359 1955 paratae.
383 1872 454 1936 VII.
484 1873 555 1937 179.
581 1875 660 1937 ottus
675 1872 869 1939 aduolutus
885 1871 1020 1937 manoe.
1045 1872 1120 1938 587.
1144 1873 1288 1938 dextram

216 1999 259 2062 66
283 2015 340 2078 queo
361 1997 519 2061 horrentia
542 1998 641 2061 6666666.
678 1996 752 2060 638.
788 1997 853 2080 opit
874 1998 914 2060 66
937 2016 996 2061 suo
1017 1995 1141 2079 proelia
1160 1995 1285 2076 fratres.

215 2120 304 2187 VIII.
333 2121 403 2185 180.
428 2122 526 2185 trucis
548 2121 598 2185 66
621 2123 755 2203 confinio
772 2122 874 2202 ponti.
911 2121 985 2184 277.
1017 2121 1125 2186 domm
1148 2120 1195 2185 66
1216 2138 1288 2184 666-

216 2246 316 2311 66666
337 2245 447 2325 frater.

217 2413 219 2416 <
325 2370 364 2434 In
387 2367 542 2449 omnibus,
568 2386 646 2450 quos
670 2367 845 2451 attulimus,
870 2368 1014 2433 versibus
1029 2367 1286 2452 penthemimeris

167 2528 169 2532 ·
218 2494 324 2558 exstet.
343 2493 469 2574 excepto
491 2510 556 2556 uno
579 2491 707 2575 quidem
730 2512 825 2557 versu
846 2493 916 2557 VH.
943 2494 1002 2558 52:

287 2667 327 2683 ..
354 2668 362 2682 .
387 2668 394 2682 .
419 2638 496 2699 quos
518 2619 585 2683 soto
608 2619 734 2700 rapinis

285 2763 436 2827 sonoque
453 2745 560 2825 poscit
580 2743 677 2808 hieme
699 2748 727 2807 et
748 2762 833 2825 quoe,
857 2744 1021 2808 credamus
1042 2748 1077 2806 66
1098 2744 1177 2825 ipsis
1199 2759 1262 2824 eqs.

327 2866 409 2931 Nem
443 2884 516 2930 oum
549 2864 582 2928 in
610 2864 795 2930 universum
829 2865 945 2929 omissa
976 2863 1154 2928 trithemeri
1188 2863 1286 2927 inter-
1374 2924 1377 2930 ,

220 2989 393 3073 punctione
415 3009 479 3053 non
502 3007 651 3072 cogamur
672 2988 972 3071 hephthemimesim
999 2988 1145 3069 statuere,
1180 2988 1287 3052 tamen

219 3112 345 3197 poetam
378 3113 472 3178 illum
494 3132 622 3179 versum
655 3112 922 3196 hephthemimeri
956 3111 1119 3196 dispertiri
1149 3111 1287 3177 voluisse
1352 3152 1354 3155 -

220 3240 349 3321 propter
381 3237 572 3303 vocabulum
601 3259 677 3322 quos
710 3225 849 3322 grauiter
878 3238 1029 3303 iteratum
1062 3235 1216 3321 perducor
1249 3236 1287 3299 ut

220 3363 341 3444 putem.
387 3363 509 3427 Rursus
532 3362 634 3446 igitur
655 3362 705 3427 lex
727 3361 956 3443 illummatus,
980 3379 1019 3425 ne
1034 3360 1180 3425 Valerius
1196 3377 1287 3424 voee-

221 3486 334 3551 bulum
367 3488 483 3551 utonon
521 3488 593 3551 ante
631 3504 792 3551 caesuram
828 3486 967 3568 poneret.
1014 3483 1117 3563 Quam
1149 3484 1188 3549 ob
1220 3501 1288 3547 rem

220 3609 310 3675 nullo
333 3609 425 3675 modo
447 3609 528 3675 mihi
551 3610 705 3693 probatur
726 3629 836 3675 versus
860 3609 931 3674 VII.
960 3610 1035 3674 176:

287 3734 374 3801 tund
395 3737 473 3801 sotis
495 3742 547 3813 est,
570 3737 626 3801 sed
639 3757 688 3802 me
701 3738 774 3818 ipso
790 3755 877 3817 open,
901 3741 929 3799 ot
944 3735 1122 3800 cunctantia
1141 3736 1285 3814 poscunt.

220 3857 283 3922 Pro
305 3865 333 3923 ot
355 3877 429 3922 oum
450 3857 582 3923 Heinsio
606 3857 750 3923 voculam
773 3880 811 3924 eu
834 3850 969 3922 seribere
991 3857 1084 3921 malo.

328 3980 409 4046 Cum
432 4001 482 4046 res
504 3981 551 4048 itu
574 4001 607 4047 se
629 3981 752 4064 habeat,
788 3981 920 4047 fortusse
955 3978 1114 4063 quispiam
1148 3978 1286 4060 quaerut,

219 4123 279 4173 our
316 4105 461 4172 Valerius
499 4108 572 4173 ante
609 4124 771 4172 caesuram
812 4124 876 4170 non
913 4103 1055 4188 posuerit
1099 4099 1289 4166 vocabulum
